
    <record>
      <leader>00000ncd a2200000 u 4500</leader>
      <controlfield tag="001">85701005</controlfield>
      <datafield tag="031" ind1=" " ind2=" ">
        <subfield code="a">1</subfield>
        <subfield code="b">0</subfield>
        <subfield code="c">1</subfield>
        <subfield code="d">In exitu Israel de Egypto</subfield>
        <subfield code="t">In exitu Israel de egipto</subfield>
        <subfield code="m">S</subfield>
        <subfield code="q">composed by Guerrero, Francisco</subfield>
        <subfield code="q">Choraliter</subfield>
      </datafield>
      <datafield tag="031" ind1=" " ind2=" ">
        <subfield code="a">1</subfield>
        <subfield code="b">1</subfield>
        <subfield code="c">1</subfield>
        <subfield code="d">In exitu Israel de Egypto</subfield>
        <subfield code="t">Domus Jacob de populo barbaro</subfield>
        <subfield code="m">ST|AB</subfield>
        <subfield code="q">composed by Guerrero, Francisco</subfield>
      </datafield>
      <datafield tag="031" ind1=" " ind2=" ">
        <subfield code="a">1</subfield>
        <subfield code="b">2</subfield>
        <subfield code="c">1</subfield>
        <subfield code="d">In exitu Israel de Egypto</subfield>
        <subfield code="t">Mare vidit et fugit</subfield>
        <subfield code="m">ST|AB</subfield>
        <subfield code="q">composed by Guerrero, Francisco</subfield>
      </datafield>
      <datafield tag="031" ind1=" " ind2=" ">
        <subfield code="a">1</subfield>
        <subfield code="b">3</subfield>
        <subfield code="c">1</subfield>
        <subfield code="d">In exitu Israel de Egypto</subfield>
        <subfield code="t">Quid est tibi mare</subfield>
        <subfield code="m">ST|AB</subfield>
        <subfield code="q">composed by Guerrero, Francisco</subfield>
      </datafield>
      <datafield tag="031" ind1=" " ind2=" ">
        <subfield code="a">1</subfield>
        <subfield code="b">4</subfield>
        <subfield code="c">1</subfield>
        <subfield code="d">In exitu Israel de Egypto</subfield>
        <subfield code="t">A facie Domini</subfield>
        <subfield code="m">ST|AB</subfield>
        <subfield code="q">composed by Guerrero, Francisco</subfield>
      </datafield>
      <datafield tag="031" ind1=" " ind2=" ">
        <subfield code="a">1</subfield>
        <subfield code="b">5</subfield>
        <subfield code="c">1</subfield>
        <subfield code="d">In exitu Israel de Egypto</subfield>
        <subfield code="t">Non nobis Domine</subfield>
        <subfield code="m">ST|AB</subfield>
        <subfield code="q">composed by Guerrero, Francisco</subfield>
      </datafield>
      <datafield tag="031" ind1=" " ind2=" ">
        <subfield code="a">1</subfield>
        <subfield code="b">6</subfield>
        <subfield code="c">1</subfield>
        <subfield code="d">In exitu Israel de Egypto</subfield>
        <subfield code="t">Deus autem noster in celum</subfield>
        <subfield code="m">ST|AS2</subfield>
        <subfield code="q">composed by Guerrero, Francisco</subfield>
      </datafield>
      <datafield tag="031" ind1=" " ind2=" ">
        <subfield code="a">1</subfield>
        <subfield code="b">7</subfield>
        <subfield code="c">1</subfield>
        <subfield code="d">In exitu Israel de Egypto</subfield>
        <subfield code="t">Os habent</subfield>
        <subfield code="m">ST|AB</subfield>
        <subfield code="q">composed by Guerrero, Francisco</subfield>
      </datafield>
      <datafield tag="031" ind1=" " ind2=" ">
        <subfield code="a">1</subfield>
        <subfield code="b">8</subfield>
        <subfield code="c">1</subfield>
        <subfield code="d">In exitu Israel de Egypto</subfield>
        <subfield code="t">Manus habent</subfield>
        <subfield code="m">ST|AB</subfield>
        <subfield code="q">composed by Guerrero, Francisco</subfield>
      </datafield>
      <datafield tag="031" ind1=" " ind2=" ">
        <subfield code="a">1</subfield>
        <subfield code="b">9</subfield>
        <subfield code="c">1</subfield>
        <subfield code="d">In exitu Israel de Egypto</subfield>
        <subfield code="t">Domus Irsael speravit</subfield>
        <subfield code="m">ST|AB</subfield>
        <subfield code="q">composed by Guerrero, Francisco</subfield>
      </datafield>
      <datafield tag="031" ind1=" " ind2=" ">
        <subfield code="a">1</subfield>
        <subfield code="b">10</subfield>
        <subfield code="c">1</subfield>
        <subfield code="d">In exitu Israel de Egypto</subfield>
        <subfield code="t">Qui timent Dominum</subfield>
        <subfield code="m">ST|AB</subfield>
        <subfield code="q">composed by Guerrero, Francisco</subfield>
      </datafield>
      <datafield tag="031" ind1=" " ind2=" ">
        <subfield code="a">1</subfield>
        <subfield code="b">11</subfield>
        <subfield code="c">1</subfield>
        <subfield code="d">In exitu Israel de Egypto</subfield>
        <subfield code="t">Benedixit domui Israel</subfield>
        <subfield code="m">ST|AB</subfield>
        <subfield code="q">composed by Guerrero, Francisco</subfield>
      </datafield>
      <datafield tag="031" ind1=" " ind2=" ">
        <subfield code="a">1</subfield>
        <subfield code="b">12</subfield>
        <subfield code="c">1</subfield>
        <subfield code="d">In exitu Israel de Egypto</subfield>
        <subfield code="t">Adijciat Dominus super vos</subfield>
        <subfield code="m">ST|AB</subfield>
        <subfield code="q">composed by Guerrero, Francisco</subfield>
      </datafield>
      <datafield tag="031" ind1=" " ind2=" ">
        <subfield code="a">1</subfield>
        <subfield code="b">13</subfield>
        <subfield code="c">1</subfield>
        <subfield code="d">In exitu Israel de Egypto</subfield>
        <subfield code="t">Caelum celi domino</subfield>
        <subfield code="m">ST|AB</subfield>
        <subfield code="q">composed by Guerrero, Francisco</subfield>
      </datafield>
      <datafield tag="031" ind1=" " ind2=" ">
        <subfield code="a">1</subfield>
        <subfield code="b">14</subfield>
        <subfield code="c">1</subfield>
        <subfield code="d">In exitu Israel de Egypto</subfield>
        <subfield code="t">Sed nos qui vivimus</subfield>
        <subfield code="m">ST|A</subfield>
        <subfield code="q">composed by Guerrero, Francisco</subfield>
      </datafield>
      <datafield tag="031" ind1=" " ind2=" ">
        <subfield code="a">1</subfield>
        <subfield code="b">15</subfield>
        <subfield code="c">1</subfield>
        <subfield code="d">In exitu Israel de Egypto</subfield>
        <subfield code="t">Sicut erat</subfield>
        <subfield code="m">SS2T|AB</subfield>
        <subfield code="q">composed by Guerrero, Francisco</subfield>
      </datafield>
      <datafield tag="100" ind1=" " ind2=" ">
        <subfield code="a">Guerrero, Francisco</subfield>
      </datafield>
      <datafield tag="240" ind1=" " ind2=" ">
        <subfield code="a">In exitu Israel de Egypto</subfield>
        <subfield code="m">V (5)</subfield>
      </datafield>
      <datafield tag="245" ind1=" " ind2=" ">
        <subfield code="a">Psalmus In exitu Israel</subfield>
      </datafield>
      <datafield tag="300" ind1=" " ind2=" ">
        <subfield code="a">Choirbook, fol. 12v-18r</subfield>
        <subfield code="8">01</subfield>
      </datafield>
      <datafield tag="500" ind1=" " ind2=" ">
        <subfield code="a"/>
        <subfield code="a">Textnachweis: Ps 114 (113), AR, p. 47, 577-5, GR, p. 328, AMo, p. 132, LU, p. 153, 254, 11*</subfield>
        <subfield code="a">Titel im Index: Psalmus In exitu Israel</subfield>
        <subfield code="a">Komponist im Index: Franciscus Guerrero</subfield>
        <subfield code="a">Dominica. Ad vesperas</subfield>
        <subfield code="a">Guerrero, Francisco</subfield>
        <subfield code="a">In exitu Israel de Egypto</subfield>
        <subfield code="a">Franciscus Guerrero</subfield>
      </datafield>
      <datafield tag="657" ind1=" " ind2=" ">
        <subfield code="a">Dominica. Ad vesperas</subfield>
      </datafield>
      <datafield tag="730" ind1=" " ind2=" ">
        <subfield code="a">In exitu Israel de Egypto</subfield>
      </datafield>
      <datafield tag="730" ind1=" " ind2=" ">
        <subfield code="a">Psalmus In exitu Israel</subfield>
      </datafield>
      <datafield tag="730" ind1=" " ind2=" ">
        <subfield code="a">Psalm</subfield>
      </datafield>
      <datafield tag="773" ind1=" " ind2=" ">
        <subfield code="w">85700002</subfield>
      </datafield>
      <datafield tag="852" ind1=" " ind2=" ">
        <subfield code="a">V-CVbav</subfield>
        <subfield code="c">CS 48</subfield>
        <subfield code="z">Fondo Cappella Sistina</subfield>
      </datafield>
      <datafield tag="593" ind1=" " ind2=" ">
        <subfield code="a">Print</subfield>
        <subfield code="8">01</subfield>
      </datafield>
      <datafield tag="594" ind1=" " ind2=" ">
        <subfield code="b">S</subfield>
        <subfield code="c">2</subfield>
      </datafield>
      <datafield tag="594" ind1=" " ind2=" ">
        <subfield code="b">T</subfield>
        <subfield code="c">1</subfield>
      </datafield>
      <datafield tag="594" ind1=" " ind2=" ">
        <subfield code="b">A</subfield>
        <subfield code="c">1</subfield>
      </datafield>
      <datafield tag="594" ind1=" " ind2=" ">
        <subfield code="b">B</subfield>
        <subfield code="c">1</subfield>
      </datafield>
    </record>