
    <record>
      <leader>00000ncd a2200000 u 4500</leader>
      <controlfield tag="001">85701009</controlfield>
      <datafield tag="031" ind1=" " ind2=" ">
        <subfield code="a">1</subfield>
        <subfield code="b">1</subfield>
        <subfield code="c">1</subfield>
        <subfield code="d">Conditor alme siderum</subfield>
        <subfield code="t">Qui condolens in territu</subfield>
        <subfield code="m">ST|AB</subfield>
        <subfield code="q">composed by Guerrero, Francisco</subfield>
      </datafield>
      <datafield tag="031" ind1=" " ind2=" ">
        <subfield code="a">1</subfield>
        <subfield code="b">2</subfield>
        <subfield code="c">1</subfield>
        <subfield code="d">Conditor alme siderum</subfield>
        <subfield code="t">Cuius forti potentie</subfield>
        <subfield code="m">ST|AB</subfield>
        <subfield code="q">composed by Guerrero, Francisco</subfield>
      </datafield>
      <datafield tag="031" ind1=" " ind2=" ">
        <subfield code="a">1</subfield>
        <subfield code="b">3</subfield>
        <subfield code="c">1</subfield>
        <subfield code="d">Conditor alme siderum</subfield>
        <subfield code="t">Laus honor virtus gloria</subfield>
        <subfield code="m">ST|AB</subfield>
        <subfield code="q">composed by Guerrero, Francisco</subfield>
      </datafield>
      <datafield tag="100" ind1=" " ind2=" ">
        <subfield code="a">Guerrero, Francisco</subfield>
      </datafield>
      <datafield tag="240" ind1=" " ind2=" ">
        <subfield code="a">Conditor alme siderum</subfield>
        <subfield code="m">V (4)</subfield>
      </datafield>
      <datafield tag="245" ind1=" " ind2=" ">
        <subfield code="a">In Adventu Hymnus Conditor Almae</subfield>
      </datafield>
      <datafield tag="300" ind1=" " ind2=" ">
        <subfield code="a">Choirbook, fol. 26v-29r</subfield>
        <subfield code="8">01</subfield>
      </datafield>
      <datafield tag="500" ind1=" " ind2=" ">
        <subfield code="a">Int. fehlt</subfield>
        <subfield code="a">Textnachweis: AH 51,46, V. 1, 2, 4, 7,  RH 3733-34, CAO 8284, AMo p. 182</subfield>
        <subfield code="a">Titel im Index: In Adventu Hymnus Conditor Almae</subfield>
        <subfield code="a">Komponist im Index: Franciscus Guerrero</subfield>
        <subfield code="a">Dominica I. adventus. Ad vesperas</subfield>
        <subfield code="a">Guerrero, Francisco</subfield>
        <subfield code="a">Conditor alme siderum</subfield>
        <subfield code="a">Franciscus Guerrero</subfield>
      </datafield>
      <datafield tag="657" ind1=" " ind2=" ">
        <subfield code="a">Dominica I. adventus. Ad vesperas</subfield>
      </datafield>
      <datafield tag="730" ind1=" " ind2=" ">
        <subfield code="a">Conditor alme siderum</subfield>
      </datafield>
      <datafield tag="730" ind1=" " ind2=" ">
        <subfield code="a">In Adventu Hymnus Conditor Almae</subfield>
      </datafield>
      <datafield tag="730" ind1=" " ind2=" ">
        <subfield code="a">Hymnus</subfield>
      </datafield>
      <datafield tag="773" ind1=" " ind2=" ">
        <subfield code="w">85700002</subfield>
      </datafield>
      <datafield tag="852" ind1=" " ind2=" ">
        <subfield code="a">V-CVbav</subfield>
        <subfield code="c">CS 48</subfield>
        <subfield code="z">Fondo Cappella Sistina</subfield>
      </datafield>
      <datafield tag="593" ind1=" " ind2=" ">
        <subfield code="a">Print</subfield>
        <subfield code="8">01</subfield>
      </datafield>
      <datafield tag="594" ind1=" " ind2=" ">
        <subfield code="b">S</subfield>
        <subfield code="c">1</subfield>
      </datafield>
      <datafield tag="594" ind1=" " ind2=" ">
        <subfield code="b">T</subfield>
        <subfield code="c">1</subfield>
      </datafield>
      <datafield tag="594" ind1=" " ind2=" ">
        <subfield code="b">A</subfield>
        <subfield code="c">1</subfield>
      </datafield>
      <datafield tag="594" ind1=" " ind2=" ">
        <subfield code="b">B</subfield>
        <subfield code="c">1</subfield>
      </datafield>
    </record>