
    <record>
      <leader>00000ncd a2200000 u 4500</leader>
      <controlfield tag="001">85701024</controlfield>
      <datafield tag="031" ind1=" " ind2=" ">
        <subfield code="a">1</subfield>
        <subfield code="b">1</subfield>
        <subfield code="c">1</subfield>
        <subfield code="d">Ave maris stella</subfield>
        <subfield code="t">Sumens illud ave</subfield>
        <subfield code="m">ST|AB</subfield>
        <subfield code="q">composed by Guerrero, Francisco</subfield>
      </datafield>
      <datafield tag="031" ind1=" " ind2=" ">
        <subfield code="a">1</subfield>
        <subfield code="b">2</subfield>
        <subfield code="c">1</subfield>
        <subfield code="d">Ave maris stella</subfield>
        <subfield code="t">Monstra te esse matrem</subfield>
        <subfield code="m">ST|A</subfield>
        <subfield code="q">composed by Guerrero, Francisco</subfield>
      </datafield>
      <datafield tag="031" ind1=" " ind2=" ">
        <subfield code="a">1</subfield>
        <subfield code="b">3</subfield>
        <subfield code="c">1</subfield>
        <subfield code="d">Ave maris stella</subfield>
        <subfield code="t">Vitam presta puram</subfield>
        <subfield code="m">SS2T|AB</subfield>
        <subfield code="q">composed by Guerrero, Francisco</subfield>
        <subfield code="q">Über Cantus:"Canon in subdiatesaron"</subfield>
      </datafield>
      <datafield tag="100" ind1=" " ind2=" ">
        <subfield code="a">Guerrero, Francisco</subfield>
      </datafield>
      <datafield tag="240" ind1=" " ind2=" ">
        <subfield code="a">Ave maris stella</subfield>
        <subfield code="m">V (5)</subfield>
      </datafield>
      <datafield tag="245" ind1=" " ind2=" ">
        <subfield code="a">In Festivitatibus Virginis Mariae Hymnus Ave Maristella</subfield>
      </datafield>
      <datafield tag="300" ind1=" " ind2=" ">
        <subfield code="a">Choirbook, fol. 63v-66r</subfield>
        <subfield code="8">01</subfield>
      </datafield>
      <datafield tag="500" ind1=" " ind2=" ">
        <subfield code="a">Int. fehlt, "Vitam presta" Canon in subdiatesaron</subfield>
        <subfield code="a">Textnachweis: AH 51,140, V.2, 4, 6, RH 1889, CAO 8272, AR, p. [117], AMo, p. 704, V. 2, 4, 6</subfield>
        <subfield code="a">Titel im Index: In Festivitatibus Virginis Mariae Hymnus Ave Maristella</subfield>
        <subfield code="a">Komponist im Index: Franciscus Guerrero</subfield>
        <subfield code="a">In Annuntiatione BMV. In II. vesperis</subfield>
        <subfield code="a">Guerrero, Francisco</subfield>
        <subfield code="a">Ave maris stella</subfield>
        <subfield code="a">Franciscus Guerrero</subfield>
      </datafield>
      <datafield tag="657" ind1=" " ind2=" ">
        <subfield code="a">In Annuntiatione BMV. In II. vesperis</subfield>
      </datafield>
      <datafield tag="730" ind1=" " ind2=" ">
        <subfield code="a">Ave maris stella</subfield>
      </datafield>
      <datafield tag="730" ind1=" " ind2=" ">
        <subfield code="a">In Festivitatibus Virginis Mariae Hymnus Ave Maristella</subfield>
      </datafield>
      <datafield tag="730" ind1=" " ind2=" ">
        <subfield code="a">Hymnus</subfield>
      </datafield>
      <datafield tag="773" ind1=" " ind2=" ">
        <subfield code="w">85700002</subfield>
      </datafield>
      <datafield tag="852" ind1=" " ind2=" ">
        <subfield code="a">V-CVbav</subfield>
        <subfield code="c">CS 48</subfield>
        <subfield code="z">Fondo Cappella Sistina</subfield>
      </datafield>
      <datafield tag="593" ind1=" " ind2=" ">
        <subfield code="a">Print</subfield>
        <subfield code="8">01</subfield>
      </datafield>
      <datafield tag="594" ind1=" " ind2=" ">
        <subfield code="b">S</subfield>
        <subfield code="c">2</subfield>
      </datafield>
      <datafield tag="594" ind1=" " ind2=" ">
        <subfield code="b">T</subfield>
        <subfield code="c">1</subfield>
      </datafield>
      <datafield tag="594" ind1=" " ind2=" ">
        <subfield code="b">A</subfield>
        <subfield code="c">1</subfield>
      </datafield>
      <datafield tag="594" ind1=" " ind2=" ">
        <subfield code="b">B</subfield>
        <subfield code="c">1</subfield>
      </datafield>
    </record>