
  </content>
  <record>
    <leader>00000ncc a2200000 u 4500</leader>
    <controlfield tag="001">85700003</controlfield>
    <datafield tag="041" ind1=" " ind2=" ">
      <subfield code="a">lat</subfield>
    </datafield>
    <datafield tag="100" ind1=" " ind2=" ">
      <subfield code="a">Francesco Guerrero</subfield>
    </datafield>
    <datafield tag="130" ind1=" " ind2=" ">
      <subfield code="a">Sacred songs</subfield>
    </datafield>
    <datafield tag="245" ind1=" " ind2=" ">
      <subfield code="a">MISSARVM | LIBER SECVNDVS | FRANCESCI GVERRERI | IN ALM ECCLESIA HISPALENSI | PORTIONARII; ET CANTORVM | PRAEFECTI. | ... | ROMAE, Ex Typographia Dominici Basae. | M D LXXXII.</subfield>
    </datafield>
    <datafield tag="260" ind1=" " ind2=" ">
      <subfield code="a">Roma</subfield>
      <subfield code="b">Roma: Francesco Zanetto, gedruckt bei Domenico Basa</subfield>
      <subfield code="c">1582</subfield>
      <subfield code="8">01</subfield>
    </datafield>
    <datafield tag="300" ind1=" " ind2=" ">
      <subfield code="a">1 choirbook: 144f.</subfield>
      <subfield code="b">Papier</subfield>
      <subfield code="c">547x402</subfield>
      <subfield code="8">01</subfield>
    </datafield>
    <datafield tag="500" ind1=" " ind2=" ">
      <subfield code="a">Aktuelle Lagenstrukturen: f01, I03, III6 ... III132, IV140, f04, original</subfield>
      <subfield code="8">01</subfield>
    </datafield>
    <datafield tag="500" ind1=" " ind2=" ">
      <subfield code="a"/>
      <subfield code="a">MISSARVM / LIBER SECVNDVS / FRANCESCI GVERRERI / IN ALM ECCLESIA HISPALENSI / PORTIONARII; ET CANTORVM / PRAEFECTI. / ... / ROMAE, Ex Typographia Dominici Basae. / M D LXXXII.</subfield>
      <subfield code="a">Aktuelle Blattzählung: [01-03] 1-140 [04], arab. Foliierung oben rechts eingedruckt</subfield>
      <subfield code="a">Notation: weiß mensural</subfield>
      <subfield code="a">Signatur: Deckelinnenseite oben links noch erkennbar "'#" (wahrscheinlich 20] der Rest ist zerfledert oder zerfressen und "146" (Panuzzi), daneben der Kleber mit "Capp. Sist. 50".</subfield>
      <subfield code="a">Dekoration: Schöner Kupferstich mit einer Darstellung von Mariä Himmelfahrt (265 x 217 mm) auf dem Titelblatt (fol. 03r), Bildunterschrift: "Romae. Ant. Lafreri / Asensio Mariae Virginis"</subfield>
      <subfield code="a">Benutzungsspuren, wenn überhaupt, nur sehr schwach zu erkennen, möglicherweise modern. Leicht stockfleckig, auf den ersten und letzten Blättern leichte Feuchtigkeitsschäden. Erhaltungszustand sehr gut.</subfield>
      <subfield code="a">Bogenzählung [A]-A 3 (= 1-3), B-B 3 (= 7-9) ... Y-Y 3 (= 127-129), Z-Z 4 (= 133-136), original eingedruckt rechts unten</subfield>
      <subfield code="a">Roma: Domenico Basa (Francesco Zanetto)</subfield>
    </datafield>
    <datafield tag="563" ind1=" " ind2=" ">
      <subfield code="a">Dicke Pappe mit braunem Leder bezogen; Rollstempel mit Blattornamentik und Linien, zwei Rahmen und Raute, vorne und hinten in der Mitte Wappen Papst Gregor XIII. (Llorens?) vergoldet, in den Ecken der Rahmen und auf dem Rücken Bienen vergoldet; Leder stark verkratzt, abgestoßen, Pappe unten verbogen/"aufgeweicht" und leicht wurmstichig, Rückenbindung aber in Ordnung. Zustand insgesamt befriedigend. (Exakt der selbe Einband und Zustand wie CS 161!!!)</subfield>
      <subfield code="8">01</subfield>
    </datafield>
    <datafield tag="593" ind1=" " ind2=" ">
      <subfield code="a">Print</subfield>
      <subfield code="8">01</subfield>
    </datafield>
    <datafield tag="650" ind1=" " ind2=" ">
      <subfield code="a">Missarum liber secundus</subfield>
    </datafield>
    <datafield tag="691" ind1=" " ind2=" ">
      <subfield code="a">RISM G4872</subfield>
    </datafield>
    <datafield tag="691" ind1=" " ind2=" ">
      <subfield code="a">HaberlV 1888</subfield>
      <subfield code="n">p. 21</subfield>
      <subfield code="0">3122</subfield>
    </datafield>
    <datafield tag="691" ind1=" " ind2=" ">
      <subfield code="a">LlorensS 1960</subfield>
      <subfield code="n">p. 102</subfield>
      <subfield code="0">144</subfield>
    </datafield>
    <datafield tag="691" ind1=" " ind2=" ">
      <subfield code="a">PanuzziL 1687</subfield>
      <subfield code="n">146</subfield>
      <subfield code="0">41001975</subfield>
    </datafield>
    <datafield tag="691" ind1=" " ind2=" ">
      <subfield code="a">CeliL 1753</subfield>
      <subfield code="n">A050</subfield>
      <subfield code="0">41001973</subfield>
    </datafield>
    <datafield tag="691" ind1=" " ind2=" ">
      <subfield code="a">StoraceP 1813</subfield>
      <subfield code="n">A050</subfield>
      <subfield code="0">41001976</subfield>
    </datafield>
    <datafield tag="691" ind1=" " ind2=" ">
      <subfield code="a">SalvatiL 1863</subfield>
      <subfield code="n">050</subfield>
      <subfield code="0">41001978</subfield>
    </datafield>
    <datafield tag="700" ind1=" " ind2=" ">
      <subfield code="a">Gregor XIII. (zumindest die zweite Messe)</subfield>
      <subfield code="4">oth</subfield>
    </datafield>
    <datafield tag="700" ind1=" " ind2=" ">
      <subfield code="a">Roma: Francesco Zanetto, gedruckt bei Domenico Basa</subfield>
      <subfield code="4">oth</subfield>
    </datafield>
    <datafield tag="710" ind1=" " ind2=" ">
      <subfield code="a">Capella Sistina</subfield>
      <subfield code="0">51000666</subfield>
      <subfield code="4">evp</subfield>
    </datafield>
    <datafield tag="774" ind1=" " ind2=" ">
      <subfield code="w">85701046</subfield>
    </datafield>
    <datafield tag="774" ind1=" " ind2=" ">
      <subfield code="w">85701047</subfield>
    </datafield>
    <datafield tag="774" ind1=" " ind2=" ">
      <subfield code="w">85701048</subfield>
    </datafield>
    <datafield tag="774" ind1=" " ind2=" ">
      <subfield code="w">85701049</subfield>
    </datafield>
    <datafield tag="774" ind1=" " ind2=" ">
      <subfield code="w">85701050</subfield>
    </datafield>
    <datafield tag="774" ind1=" " ind2=" ">
      <subfield code="w">85701051</subfield>
    </datafield>
    <datafield tag="774" ind1=" " ind2=" ">
      <subfield code="w">85701052</subfield>
    </datafield>
    <datafield tag="774" ind1=" " ind2=" ">
      <subfield code="w">85701053</subfield>
    </datafield>
    <datafield tag="852" ind1=" " ind2=" ">
      <subfield code="a">V-CVbav</subfield>
      <subfield code="c">CS 50</subfield>
      <subfield code="d">146</subfield>
      <subfield code="d">050</subfield>
      <subfield code="d">A050</subfield>
      <subfield code="z">Fondo Cappella Sistina</subfield>
    </datafield>
  </record>