
    <record>
      <leader>00000ncd a2200000 u 4500</leader>
      <controlfield tag="001">85701048</controlfield>
      <datafield tag="031" ind1=" " ind2=" ">
        <subfield code="a">1</subfield>
        <subfield code="b">1</subfield>
        <subfield code="c">1</subfield>
        <subfield code="d">Missa della battaglia</subfield>
        <subfield code="t">Kyrie</subfield>
        <subfield code="m">ST|S2AB</subfield>
        <subfield code="q">composed by Guerrero, Francisco</subfield>
      </datafield>
      <datafield tag="031" ind1=" " ind2=" ">
        <subfield code="a">1</subfield>
        <subfield code="b">2</subfield>
        <subfield code="c">1</subfield>
        <subfield code="d">Missa della battaglia</subfield>
        <subfield code="t">[Gloria] Et in terra / Domine Deus agnus Dei / Qui tollis</subfield>
        <subfield code="m">ST|S2AB / S|S2A / ST|S2AB</subfield>
        <subfield code="q">composed by Guerrero, Francisco</subfield>
        <subfield code="q">"Tenor. Domine Deus Tacet." und "Bassus. Domine Deus Tacet."</subfield>
      </datafield>
      <datafield tag="031" ind1=" " ind2=" ">
        <subfield code="a">1</subfield>
        <subfield code="b">3</subfield>
        <subfield code="c">1</subfield>
        <subfield code="d">Missa della battaglia</subfield>
        <subfield code="t">[Credo] Patrem / Crucifixus / Et in spiritum</subfield>
        <subfield code="m">STB+|S2A (ab 49v:ST|S2AB) / ST|S2A / ST|S2AB</subfield>
        <subfield code="q">composed by Guerrero, Francisco</subfield>
      </datafield>
      <datafield tag="031" ind1=" " ind2=" ">
        <subfield code="a">1</subfield>
        <subfield code="b">4</subfield>
        <subfield code="c">1</subfield>
        <subfield code="d">Missa della battaglia</subfield>
        <subfield code="t">Sanctus / Osanna / Benedictus</subfield>
        <subfield code="m">ST|S2AB / - / S|AB3</subfield>
        <subfield code="q">composed by Guerrero, Francisco</subfield>
        <subfield code="q">Keine Anm. zur Reduktion im Benedictus, danach "Osanna ut supra".</subfield>
      </datafield>
      <datafield tag="031" ind1=" " ind2=" ">
        <subfield code="a">1</subfield>
        <subfield code="b">5</subfield>
        <subfield code="c">1</subfield>
        <subfield code="d">Missa della battaglia</subfield>
        <subfield code="t">Agnus Dei / Agnus Dei [dona nobis pacem]</subfield>
        <subfield code="m">ST|S2AB / SATB|S2A2T2B2</subfield>
        <subfield code="q">composed by Guerrero, Francisco</subfield>
      </datafield>
      <datafield tag="100" ind1=" " ind2=" ">
        <subfield code="a">Guerrero, Francisco</subfield>
      </datafield>
      <datafield tag="240" ind1=" " ind2=" ">
        <subfield code="a">Missa della battaglia</subfield>
        <subfield code="m">V (10)</subfield>
      </datafield>
      <datafield tag="245" ind1=" " ind2=" ">
        <subfield code="a">[Missa] de la batalla Escoutez</subfield>
      </datafield>
      <datafield tag="300" ind1=" " ind2=" ">
        <subfield code="a">Choirbook, fol. 40r-62r</subfield>
        <subfield code="8">01</subfield>
      </datafield>
      <datafield tag="500" ind1=" " ind2=" ">
        <subfield code="a"/>
        <subfield code="a">Textnachweis: Ordinarium missae</subfield>
        <subfield code="a">Titel im Index: [Missa] de la batalla Escoutez</subfield>
        <subfield code="a">Komponist im Index: Francisci Guerreri</subfield>
        <subfield code="a">Ordinarium missae</subfield>
        <subfield code="a">G4870</subfield>
        <subfield code="a">du Chemin</subfield>
        <subfield code="a">Guerrero, Francisco</subfield>
        <subfield code="a">Missa della battaglia</subfield>
        <subfield code="a">Francisci Guerreri</subfield>
      </datafield>
      <datafield tag="691" ind1=" " ind2=" ">
        <subfield code="a">Guerrero OO</subfield>
        <subfield code="n">vol. 4,  p. 74-115.</subfield>
        <subfield code="0"> p. 74-115.</subfield>
      </datafield>
      <datafield tag="730" ind1=" " ind2=" ">
        <subfield code="a">Missa della battaglia</subfield>
      </datafield>
      <datafield tag="730" ind1=" " ind2=" ">
        <subfield code="a">[Missa] de la batalla Escoutez</subfield>
      </datafield>
      <datafield tag="730" ind1=" " ind2=" ">
        <subfield code="a">Messe</subfield>
      </datafield>
      <datafield tag="773" ind1=" " ind2=" ">
        <subfield code="w">85700003</subfield>
      </datafield>
      <datafield tag="852" ind1=" " ind2=" ">
        <subfield code="a">V-CVbav</subfield>
        <subfield code="c">CS 50</subfield>
        <subfield code="z">Fondo Cappella Sistina</subfield>
      </datafield>
      <datafield tag="593" ind1=" " ind2=" ">
        <subfield code="a">Print</subfield>
        <subfield code="8">01</subfield>
      </datafield>
      <datafield tag="594" ind1=" " ind2=" ">
        <subfield code="b">S</subfield>
        <subfield code="c">4</subfield>
      </datafield>
      <datafield tag="594" ind1=" " ind2=" ">
        <subfield code="b">T</subfield>
        <subfield code="c">2</subfield>
      </datafield>
      <datafield tag="594" ind1=" " ind2=" ">
        <subfield code="b">A</subfield>
        <subfield code="c">2</subfield>
      </datafield>
      <datafield tag="594" ind1=" " ind2=" ">
        <subfield code="b">B</subfield>
        <subfield code="c">2</subfield>
      </datafield>
    </record>