
    <record>
      <leader>00000ncd a2200000 u 4500</leader>
      <controlfield tag="001">85701050</controlfield>
      <datafield tag="031" ind1=" " ind2=" ">
        <subfield code="a">1</subfield>
        <subfield code="b">1</subfield>
        <subfield code="c">1</subfield>
        <subfield code="d">Missa Iste sanctus</subfield>
        <subfield code="t">Kyrie</subfield>
        <subfield code="m">ST|AB</subfield>
        <subfield code="q">composed by Guerrero, Francisco</subfield>
      </datafield>
      <datafield tag="031" ind1=" " ind2=" ">
        <subfield code="a">1</subfield>
        <subfield code="b">2</subfield>
        <subfield code="c">1</subfield>
        <subfield code="d">Missa Iste sanctus</subfield>
        <subfield code="t">[Gloria] Et in terra / Qui tollis</subfield>
        <subfield code="m">ST|AB / -</subfield>
        <subfield code="q">composed by Guerrero, Francisco</subfield>
      </datafield>
      <datafield tag="031" ind1=" " ind2=" ">
        <subfield code="a">1</subfield>
        <subfield code="b">3</subfield>
        <subfield code="c">1</subfield>
        <subfield code="d">Missa Iste sanctus</subfield>
        <subfield code="t">[Credo] Patrem / Crucifixus / Et in spiritum</subfield>
        <subfield code="m">ST|AB / - / -</subfield>
        <subfield code="q">composed by Guerrero, Francisco</subfield>
      </datafield>
      <datafield tag="031" ind1=" " ind2=" ">
        <subfield code="a">1</subfield>
        <subfield code="b">4</subfield>
        <subfield code="c">1</subfield>
        <subfield code="d">Missa Iste sanctus</subfield>
        <subfield code="t">Sanctus / Osanna / Benedictus</subfield>
        <subfield code="m">ST|AB / - / STS2A</subfield>
        <subfield code="q">composed by Guerrero, Francisco</subfield>
        <subfield code="q">Fol. 90 in der Mitte horizontal durchgerissen. "Bassus Benedictus tacet". Nach dem Benedictus "Osann ut supra"</subfield>
      </datafield>
      <datafield tag="031" ind1=" " ind2=" ">
        <subfield code="a">1</subfield>
        <subfield code="b">5</subfield>
        <subfield code="c">1</subfield>
        <subfield code="d">Missa Iste sanctus</subfield>
        <subfield code="t">Agnus Dei [dona nobis pacem]</subfield>
        <subfield code="m">S(S2)T|AB</subfield>
        <subfield code="q">composed by Guerrero, Francisco</subfield>
        <subfield code="q">Im Cantus "Canon ad unisonum"</subfield>
      </datafield>
      <datafield tag="100" ind1=" " ind2=" ">
        <subfield code="a">Guerrero, Francisco</subfield>
      </datafield>
      <datafield tag="240" ind1=" " ind2=" ">
        <subfield code="a">Missa Iste sanctus</subfield>
        <subfield code="m">V (5)</subfield>
      </datafield>
      <datafield tag="245" ind1=" " ind2=" ">
        <subfield code="a">[Missa] Iste sanctus</subfield>
      </datafield>
      <datafield tag="300" ind1=" " ind2=" ">
        <subfield code="a">Choirbook, fol. 79v-91r</subfield>
        <subfield code="8">01</subfield>
      </datafield>
      <datafield tag="500" ind1=" " ind2=" ">
        <subfield code="a"/>
        <subfield code="a">Textnachweis: Ordinarium missae</subfield>
        <subfield code="a">Titel im Index: [Missa] Iste sanctus</subfield>
        <subfield code="a">Komponist im Index: Francisci Guerreri</subfield>
        <subfield code="a">Ordinarium missae</subfield>
        <subfield code="a">E-Sc (Bibl. del Coro)</subfield>
        <subfield code="a">4</subfield>
        <subfield code="a">1v-19r (n. 1)</subfield>
        <subfield code="a">"Francisci Guerrero"</subfield>
        <subfield code="a">Guerrero, Francisco</subfield>
        <subfield code="a">Missa Iste sanctus</subfield>
        <subfield code="a">Francisci Guerreri</subfield>
      </datafield>
      <datafield tag="691" ind1=" " ind2=" ">
        <subfield code="a">Guerrero OO</subfield>
        <subfield code="n">vol. 5,  p. 92-113.</subfield>
        <subfield code="0"> p. 92-113.</subfield>
      </datafield>
      <datafield tag="730" ind1=" " ind2=" ">
        <subfield code="a">Missa Iste sanctus</subfield>
      </datafield>
      <datafield tag="730" ind1=" " ind2=" ">
        <subfield code="a">[Missa] Iste sanctus</subfield>
      </datafield>
      <datafield tag="730" ind1=" " ind2=" ">
        <subfield code="a">Messe</subfield>
      </datafield>
      <datafield tag="773" ind1=" " ind2=" ">
        <subfield code="w">85700003</subfield>
      </datafield>
      <datafield tag="852" ind1=" " ind2=" ">
        <subfield code="a">V-CVbav</subfield>
        <subfield code="c">CS 50</subfield>
        <subfield code="z">Fondo Cappella Sistina</subfield>
      </datafield>
      <datafield tag="593" ind1=" " ind2=" ">
        <subfield code="a">Print</subfield>
        <subfield code="8">01</subfield>
      </datafield>
      <datafield tag="594" ind1=" " ind2=" ">
        <subfield code="b">S</subfield>
        <subfield code="c">2</subfield>
      </datafield>
      <datafield tag="594" ind1=" " ind2=" ">
        <subfield code="b">T</subfield>
        <subfield code="c">1</subfield>
      </datafield>
      <datafield tag="594" ind1=" " ind2=" ">
        <subfield code="b">A</subfield>
        <subfield code="c">1</subfield>
      </datafield>
      <datafield tag="594" ind1=" " ind2=" ">
        <subfield code="b">B</subfield>
        <subfield code="c">1</subfield>
      </datafield>
    </record>