
    <record>
      <leader>00000ncd a2200000 u 4500</leader>
      <controlfield tag="001">85701053</controlfield>
      <datafield tag="031" ind1=" " ind2=" ">
        <subfield code="a">1</subfield>
        <subfield code="b">1</subfield>
        <subfield code="c">1</subfield>
        <subfield code="d">Missa pro defunctis</subfield>
        <subfield code="t">Requiem aeternam / Dona eis Domine</subfield>
        <subfield code="m">S / ST|AB</subfield>
        <subfield code="q">composed by Guerrero, Francisco</subfield>
        <subfield code="q">Im Cantus Intonation "Requiem aeternam" choraliter.</subfield>
      </datafield>
      <datafield tag="031" ind1=" " ind2=" ">
        <subfield code="a">1</subfield>
        <subfield code="b">2</subfield>
        <subfield code="c">1</subfield>
        <subfield code="d">Missa pro defunctis</subfield>
        <subfield code="t">Te decet hymnus / Et tibi redetur</subfield>
        <subfield code="m">S / ST|AB</subfield>
        <subfield code="q">composed by Guerrero, Francisco</subfield>
        <subfield code="q">Im Cantus Intonation "Et tibi redetur" choraliter.</subfield>
      </datafield>
      <datafield tag="031" ind1=" " ind2=" ">
        <subfield code="a">1</subfield>
        <subfield code="b">3</subfield>
        <subfield code="c">1</subfield>
        <subfield code="d">Missa pro defunctis</subfield>
        <subfield code="t">Kyrie</subfield>
        <subfield code="m">ST|AB</subfield>
        <subfield code="q">composed by Guerrero, Francisco</subfield>
      </datafield>
      <datafield tag="031" ind1=" " ind2=" ">
        <subfield code="a">1</subfield>
        <subfield code="b">4</subfield>
        <subfield code="c">1</subfield>
        <subfield code="d">Missa pro defunctis</subfield>
        <subfield code="t">Requiem aeternam / Dona eis Domine</subfield>
        <subfield code="m">S / ST|AB</subfield>
        <subfield code="q">composed by Guerrero, Francisco</subfield>
        <subfield code="q">Im Cantus Intonation "Requiem aeternam" choraliter.</subfield>
      </datafield>
      <datafield tag="031" ind1=" " ind2=" ">
        <subfield code="a">1</subfield>
        <subfield code="b">5</subfield>
        <subfield code="c">1</subfield>
        <subfield code="d">Missa pro defunctis</subfield>
        <subfield code="t">In memoria aeterna / Non timebit</subfield>
        <subfield code="m">ST|A / ST|AB</subfield>
        <subfield code="q">composed by Guerrero, Francisco</subfield>
        <subfield code="q">"Bassus. In memoria tacet".</subfield>
      </datafield>
      <datafield tag="031" ind1=" " ind2=" ">
        <subfield code="a">1</subfield>
        <subfield code="b">6</subfield>
        <subfield code="c">1</subfield>
        <subfield code="d">Missa pro defunctis</subfield>
        <subfield code="t">Absolve Domine</subfield>
        <subfield code="m">ST|AB</subfield>
        <subfield code="q">composed by Guerrero, Francisco</subfield>
      </datafield>
      <datafield tag="031" ind1=" " ind2=" ">
        <subfield code="a">1</subfield>
        <subfield code="b">7</subfield>
        <subfield code="c">1</subfield>
        <subfield code="d">Missa pro defunctis</subfield>
        <subfield code="t">Domine Jesu Christe Rex gloriae / Libera animas omnium fidelium</subfield>
        <subfield code="m">S / ST|AB</subfield>
        <subfield code="q">composed by Guerrero, Francisco</subfield>
        <subfield code="q">Intonation im Cantus choraliter</subfield>
      </datafield>
      <datafield tag="031" ind1=" " ind2=" ">
        <subfield code="a">1</subfield>
        <subfield code="b">8</subfield>
        <subfield code="c">1</subfield>
        <subfield code="d">Missa pro defunctis</subfield>
        <subfield code="t">Sanctus / Pleni / Benedictus</subfield>
        <subfield code="m">ST|AB / - / -</subfield>
        <subfield code="q">composed by Guerrero, Francisco</subfield>
        <subfield code="q">Bendictus Intonation im Cantus choraliter.</subfield>
      </datafield>
      <datafield tag="031" ind1=" " ind2=" ">
        <subfield code="a">1</subfield>
        <subfield code="b">9</subfield>
        <subfield code="c">1</subfield>
        <subfield code="d">Missa pro defunctis</subfield>
        <subfield code="t">Hei mihi domine quia peccaviminis in vita mea</subfield>
        <subfield code="m">STT2|S2AB</subfield>
        <subfield code="q">composed by Guerrero, Francisco</subfield>
      </datafield>
      <datafield tag="031" ind1=" " ind2=" ">
        <subfield code="a">1</subfield>
        <subfield code="b">10</subfield>
        <subfield code="c">1</subfield>
        <subfield code="d">Missa pro defunctis</subfield>
        <subfield code="t">Agnus Dei</subfield>
        <subfield code="m">ST|AB</subfield>
        <subfield code="q">composed by Guerrero, Francisco</subfield>
        <subfield code="q">Bei jedem der  drei Agnus jeweils Intonation choraliter im Cantus.</subfield>
      </datafield>
      <datafield tag="031" ind1=" " ind2=" ">
        <subfield code="a">1</subfield>
        <subfield code="b">11</subfield>
        <subfield code="c">1</subfield>
        <subfield code="d">Missa pro defunctis</subfield>
        <subfield code="t">Lux aeterna / Luceat eis Domine</subfield>
        <subfield code="m">S / ST|AB</subfield>
        <subfield code="q">composed by Guerrero, Francisco</subfield>
        <subfield code="q">Intonation im Cantus choraliter.</subfield>
      </datafield>
      <datafield tag="031" ind1=" " ind2=" ">
        <subfield code="a">1</subfield>
        <subfield code="b">12</subfield>
        <subfield code="c">1</subfield>
        <subfield code="d">Missa pro defunctis</subfield>
        <subfield code="t">Requiem aeterna dona eis Domine / Et lux perpetua luceat eis</subfield>
        <subfield code="m">S / ST|AB</subfield>
        <subfield code="q">composed by Guerrero, Francisco</subfield>
        <subfield code="q">Intonation im Cantus choraliter.</subfield>
      </datafield>
      <datafield tag="031" ind1=" " ind2=" ">
        <subfield code="a">1</subfield>
        <subfield code="b">13</subfield>
        <subfield code="c">1</subfield>
        <subfield code="d">Missa pro defunctis</subfield>
        <subfield code="t">Lux aeterna / Luceat eis Domine</subfield>
        <subfield code="m">S / SS2T|AB</subfield>
        <subfield code="q">composed by Guerrero, Francisco</subfield>
        <subfield code="q">Intonation im Cantus choraliter.</subfield>
      </datafield>
      <datafield tag="031" ind1=" " ind2=" ">
        <subfield code="a">1</subfield>
        <subfield code="b">14</subfield>
        <subfield code="c">1</subfield>
        <subfield code="d">Missa pro defunctis</subfield>
        <subfield code="t">Requiem aeterna dona eis Domine / Et lux perpetua luceat eis</subfield>
        <subfield code="m">S / SS2T|AB</subfield>
        <subfield code="q">composed by Guerrero, Francisco</subfield>
      </datafield>
      <datafield tag="031" ind1=" " ind2=" ">
        <subfield code="a">1</subfield>
        <subfield code="b">15</subfield>
        <subfield code="c">1</subfield>
        <subfield code="d">Missa pro defunctis</subfield>
        <subfield code="t">Libera me Domine de morte aeterna in die illa tremenda</subfield>
        <subfield code="m">ST|AB</subfield>
        <subfield code="q">composed by Guerrero, Francisco</subfield>
      </datafield>
      <datafield tag="031" ind1=" " ind2=" ">
        <subfield code="a">1</subfield>
        <subfield code="b">16</subfield>
        <subfield code="c">1</subfield>
        <subfield code="d">Missa pro defunctis</subfield>
        <subfield code="t">Quando caeli movendi sunt et terra. Dum veneris iudicare saeculum per ignem</subfield>
        <subfield code="m">B</subfield>
        <subfield code="q">composed by Guerrero, Francisco</subfield>
        <subfield code="q">Choraliter</subfield>
      </datafield>
      <datafield tag="031" ind1=" " ind2=" ">
        <subfield code="a">1</subfield>
        <subfield code="b">17</subfield>
        <subfield code="c">1</subfield>
        <subfield code="d">Missa pro defunctis</subfield>
        <subfield code="t">Tremens factus sum ego et timeo dum discussio venerit atque ventura ira</subfield>
        <subfield code="m">ST|A</subfield>
        <subfield code="q">composed by Guerrero, Francisco</subfield>
        <subfield code="q">"Bassus Tremens Tacet."</subfield>
      </datafield>
      <datafield tag="031" ind1=" " ind2=" ">
        <subfield code="a">1</subfield>
        <subfield code="b">18</subfield>
        <subfield code="c">1</subfield>
        <subfield code="d">Missa pro defunctis</subfield>
        <subfield code="t">Quando caeli movendi sunt et terra</subfield>
        <subfield code="m">B</subfield>
        <subfield code="q">composed by Guerrero, Francisco</subfield>
        <subfield code="q">Choraliter</subfield>
      </datafield>
      <datafield tag="031" ind1=" " ind2=" ">
        <subfield code="a">1</subfield>
        <subfield code="b">19</subfield>
        <subfield code="c">1</subfield>
        <subfield code="d">Missa pro defunctis</subfield>
        <subfield code="t">Dies illa dies irae</subfield>
        <subfield code="m">S|AB</subfield>
        <subfield code="q">composed by Guerrero, Francisco</subfield>
        <subfield code="q">"Tenor Dies Illa Tacet."</subfield>
      </datafield>
      <datafield tag="031" ind1=" " ind2=" ">
        <subfield code="a">1</subfield>
        <subfield code="b">20</subfield>
        <subfield code="c">1</subfield>
        <subfield code="d">Missa pro defunctis</subfield>
        <subfield code="t">Dum veneris iudicare saeculum per ignem</subfield>
        <subfield code="m">B</subfield>
        <subfield code="q">composed by Guerrero, Francisco</subfield>
        <subfield code="q">Choraliter</subfield>
      </datafield>
      <datafield tag="031" ind1=" " ind2=" ">
        <subfield code="a">1</subfield>
        <subfield code="b">21</subfield>
        <subfield code="c">1</subfield>
        <subfield code="d">Missa pro defunctis</subfield>
        <subfield code="t">Requiem aeternam</subfield>
        <subfield code="m">ST|AB</subfield>
        <subfield code="q">composed by Guerrero, Francisco</subfield>
      </datafield>
      <datafield tag="031" ind1=" " ind2=" ">
        <subfield code="a">1</subfield>
        <subfield code="b">22</subfield>
        <subfield code="c">1</subfield>
        <subfield code="d">Missa pro defunctis</subfield>
        <subfield code="t">Libera me Domine de morte aeterna in die illa tremenda. Quando caeli movendi sunt et terra. Dum veneris iudicare saeculum per ignem</subfield>
        <subfield code="m">B</subfield>
        <subfield code="q">composed by Guerrero, Francisco</subfield>
        <subfield code="q">Choraliter</subfield>
      </datafield>
      <datafield tag="031" ind1=" " ind2=" ">
        <subfield code="a">1</subfield>
        <subfield code="b">23</subfield>
        <subfield code="c">1</subfield>
        <subfield code="d">Missa pro defunctis</subfield>
        <subfield code="t">Kyrie</subfield>
        <subfield code="m">ST|AB</subfield>
        <subfield code="q">composed by Guerrero, Francisco</subfield>
      </datafield>
      <datafield tag="100" ind1=" " ind2=" ">
        <subfield code="a">Guerrero, Francisco</subfield>
      </datafield>
      <datafield tag="240" ind1=" " ind2=" ">
        <subfield code="a">Missa pro defunctis</subfield>
        <subfield code="m">V (6)</subfield>
      </datafield>
      <datafield tag="245" ind1=" " ind2=" ">
        <subfield code="a">Missa pro defunctis [Ind: Una cum suo responsorio]</subfield>
      </datafield>
      <datafield tag="300" ind1=" " ind2=" ">
        <subfield code="a">Choirbook, fol. 119v-140r</subfield>
        <subfield code="8">01</subfield>
      </datafield>
      <datafield tag="500" ind1=" " ind2=" ">
        <subfield code="a"/>
        <subfield code="a">Textnachweis: Ordinarium pro defunctis</subfield>
        <subfield code="a">Titel im Index: Missa pro defunctis [Ind: Una cum suo responsorio]</subfield>
        <subfield code="a">Komponist im Index: Francisci Guerreri</subfield>
        <subfield code="a">Ordinarium pro defunctis</subfield>
        <subfield code="a">Guerrero, Francisco</subfield>
        <subfield code="a">Missa pro defunctis</subfield>
        <subfield code="a">Francisci Guerreri</subfield>
      </datafield>
      <datafield tag="730" ind1=" " ind2=" ">
        <subfield code="a">Missa pro defunctis</subfield>
      </datafield>
      <datafield tag="730" ind1=" " ind2=" ">
        <subfield code="a">Missa pro defunctis [Ind: Una cum suo responsorio]</subfield>
      </datafield>
      <datafield tag="730" ind1=" " ind2=" ">
        <subfield code="a">Requiem</subfield>
      </datafield>
      <datafield tag="773" ind1=" " ind2=" ">
        <subfield code="w">85700003</subfield>
      </datafield>
      <datafield tag="852" ind1=" " ind2=" ">
        <subfield code="a">V-CVbav</subfield>
        <subfield code="c">CS 50</subfield>
        <subfield code="z">Fondo Cappella Sistina</subfield>
      </datafield>
      <datafield tag="593" ind1=" " ind2=" ">
        <subfield code="a">Print</subfield>
        <subfield code="8">01</subfield>
      </datafield>
      <datafield tag="594" ind1=" " ind2=" ">
        <subfield code="b">S</subfield>
        <subfield code="c">2</subfield>
      </datafield>
      <datafield tag="594" ind1=" " ind2=" ">
        <subfield code="b">T</subfield>
        <subfield code="c">2</subfield>
      </datafield>
      <datafield tag="594" ind1=" " ind2=" ">
        <subfield code="b">A</subfield>
        <subfield code="c">1</subfield>
      </datafield>
      <datafield tag="594" ind1=" " ind2=" ">
        <subfield code="b">B</subfield>
        <subfield code="c">1</subfield>
      </datafield>
    </record>