
  </content>
  <record>
    <leader>00000ncc a2200000 u 4500</leader>
    <controlfield tag="001">85700004</controlfield>
    <datafield tag="041" ind1=" " ind2=" ">
      <subfield code="a">lat</subfield>
    </datafield>
    <datafield tag="100" ind1=" " ind2=" ">
      <subfield code="a">Tomás Luis de Victoria</subfield>
    </datafield>
    <datafield tag="130" ind1=" " ind2=" ">
      <subfield code="a">Sacred songs</subfield>
    </datafield>
    <datafield tag="245" ind1=" " ind2=" ">
      <subfield code="a">THOMAE LVDOVICI | DE VICTORIA ABVLENSIS | OFFICIVM HEBDOMADAE | SANCTAE. unter dem Stich: PERMISSV SVPERIORVM: | ROMAE  Ex Typographia Dominici Basae 1585. Und fol.79v unter dem Index und Motto: ROMAE. | Apud Alessandrum Gardanum. | M. D. LXXXV.</subfield>
    </datafield>
    <datafield tag="260" ind1=" " ind2=" ">
      <subfield code="a">Rom</subfield>
      <subfield code="b">Roma: Alessandro Gardano, gedruckt von Domenico Basa</subfield>
      <subfield code="c">1585</subfield>
      <subfield code="8">01</subfield>
    </datafield>
    <datafield tag="300" ind1=" " ind2=" ">
      <subfield code="a">1 choirbook: 84f.</subfield>
      <subfield code="b">Papier</subfield>
      <subfield code="c">552x420</subfield>
      <subfield code="8">01</subfield>
    </datafield>
    <datafield tag="500" ind1=" " ind2=" ">
      <subfield code="a">Aktuelle Lagenstrukturen: f01, fI, III4 ... III76, II79 (-f79|02), f02; original</subfield>
      <subfield code="8">01</subfield>
    </datafield>
    <datafield tag="500" ind1=" " ind2=" ">
      <subfield code="a"/>
      <subfield code="a">THOMAE LVDOVICI / DE VICTORIA ABVLENSIS / OFFICIVM HEBDOMADAE / SANCTAE. unter dem Stich: PERMISSV SVPERIORVM: / ROMAE  Ex Typographia Dominici Basae 1585. Und fol.79v unter dem Index und Motto: ROMAE. / Apud Alessandrum Gardanum. / M. D. LXXXV.</subfield>
      <subfield code="a">Aktuelle Blattzählung: [01] I-III, 1-79 [02], arab. Foliierung oben rechts original eingedruckt, nur I-III arab. moderne Folierung mit Blei unten Mitte</subfield>
      <subfield code="a">Notation: weiß mensural</subfield>
      <subfield code="a">Signatur: fol. IIr unten Mitte "42" Tinte mittelgroßLeichte Benutzungsspuren, Eintrag auf fol. 3v-4r (Si placet-Stimmen sind mit rotem Buntstift eingeklammert), sprechen für eine Benutzung in der CS, ebenso die niedrige Panuzzi-Nummer und die Tatsache, daß das Victoria-Karwochenoffizium sonst als Handschrift in der CS nicht vorhanden ist.Verwendung ?? -&gt; Janz, Diarien.</subfield>
      <subfield code="a">Dekoration: Schöner Kupferstich mit einem Kruzifix (415 x 298 mm) auf der Titelseite (fol. IIr, "Tobias Aquitanus fecit M D LXX"). Unterschiedlich große, sehr schöne quadratische Holzschnitt-Initialen im Notentext.</subfield>
      <subfield code="a">Leichte, aber deutlich erkennbare Benutzungsspuren unten rechts. Z.T. leicht stockfleckig, auf den ersten und letzten Blättern sowie innen leichter Wurmfraß, einige Blätter fangen an, sich aus der Bindung zu lösen. Erhaltungszustand sonst gut.</subfield>
      <subfield code="a">Blattzählung [A]-A vi (= [II]-4), B-B vi (= 5-10) ... N-N vi (= 71-76), O-O iii (= 77-79), original eingedruckt unten rechts.</subfield>
      <subfield code="a">10 Fünfliniensysteme</subfield>
      <subfield code="a">Rom: Domenico Basa (Alessandro Gardano)</subfield>
    </datafield>
    <datafield tag="563" ind1=" " ind2=" ">
      <subfield code="a">Dicke Pappe mit hellgelbem Pergament bezogen, blank. Verschluß durch zweimal zwei rote und gelbe Stoffbänder oben und unten an der Seite, intakt. Sehr fleckig, abgestoßen, wurmstichig, an den Ecken löst sich das Pergament in Fetzen und der Rücken ist fast völlig zerstört; Bindung noch halbwegs intakt. Zustand insgesamt mäßig. Stimmt mit anderen Einbänden aus der Mitte des 17. Jahrhunderts überein (CS ??-??) - vielleicht aber auch erst bei der Neubindung 1724 gemacht.</subfield>
      <subfield code="8">01</subfield>
    </datafield>
    <datafield tag="593" ind1=" " ind2=" ">
      <subfield code="a">Print</subfield>
      <subfield code="8">01</subfield>
    </datafield>
    <datafield tag="650" ind1=" " ind2=" ">
      <subfield code="a">Officium Hebdomadae Sanctae</subfield>
    </datafield>
    <datafield tag="691" ind1=" " ind2=" ">
      <subfield code="a">RISM V1432</subfield>
    </datafield>
    <datafield tag="691" ind1=" " ind2=" ">
      <subfield code="a">HaberlV 1888</subfield>
      <subfield code="n">p. 27</subfield>
      <subfield code="0">3122</subfield>
    </datafield>
    <datafield tag="691" ind1=" " ind2=" ">
      <subfield code="a">LlorensS 1960</subfield>
      <subfield code="n">p. 129f.</subfield>
      <subfield code="0">144</subfield>
    </datafield>
    <datafield tag="691" ind1=" " ind2=" ">
      <subfield code="a">PanuzziL 1687</subfield>
      <subfield code="n">042</subfield>
      <subfield code="0">41001975</subfield>
    </datafield>
    <datafield tag="691" ind1=" " ind2=" ">
      <subfield code="a">CeliL 1753</subfield>
      <subfield code="n">A074</subfield>
      <subfield code="0">41001973</subfield>
    </datafield>
    <datafield tag="691" ind1=" " ind2=" ">
      <subfield code="a">StoraceP 1813</subfield>
      <subfield code="n">A074</subfield>
      <subfield code="0">41001976</subfield>
    </datafield>
    <datafield tag="691" ind1=" " ind2=" ">
      <subfield code="a">SalvatiL 1863</subfield>
      <subfield code="n">074</subfield>
      <subfield code="0">41001978</subfield>
    </datafield>
    <datafield tag="700" ind1=" " ind2=" ">
      <subfield code="a"/>
      <subfield code="4">oth</subfield>
    </datafield>
    <datafield tag="700" ind1=" " ind2=" ">
      <subfield code="a">Roma: Alessandro Gardano, gedruckt von Domenico Basa</subfield>
      <subfield code="4">oth</subfield>
    </datafield>
    <datafield tag="710" ind1=" " ind2=" ">
      <subfield code="a">Capella Sistina</subfield>
      <subfield code="0">51000666</subfield>
      <subfield code="4">evp</subfield>
    </datafield>
    <datafield tag="774" ind1=" " ind2=" ">
      <subfield code="w">85701054</subfield>
    </datafield>
    <datafield tag="774" ind1=" " ind2=" ">
      <subfield code="w">85701055</subfield>
    </datafield>
    <datafield tag="774" ind1=" " ind2=" ">
      <subfield code="w">85701056</subfield>
    </datafield>
    <datafield tag="774" ind1=" " ind2=" ">
      <subfield code="w">85701057</subfield>
    </datafield>
    <datafield tag="774" ind1=" " ind2=" ">
      <subfield code="w">85701058</subfield>
    </datafield>
    <datafield tag="774" ind1=" " ind2=" ">
      <subfield code="w">85701059</subfield>
    </datafield>
    <datafield tag="774" ind1=" " ind2=" ">
      <subfield code="w">85701060</subfield>
    </datafield>
    <datafield tag="774" ind1=" " ind2=" ">
      <subfield code="w">85701061</subfield>
    </datafield>
    <datafield tag="774" ind1=" " ind2=" ">
      <subfield code="w">85701062</subfield>
    </datafield>
    <datafield tag="774" ind1=" " ind2=" ">
      <subfield code="w">85701063</subfield>
    </datafield>
    <datafield tag="774" ind1=" " ind2=" ">
      <subfield code="w">85701064</subfield>
    </datafield>
    <datafield tag="774" ind1=" " ind2=" ">
      <subfield code="w">85701065</subfield>
    </datafield>
    <datafield tag="774" ind1=" " ind2=" ">
      <subfield code="w">85701066</subfield>
    </datafield>
    <datafield tag="774" ind1=" " ind2=" ">
      <subfield code="w">85701067</subfield>
    </datafield>
    <datafield tag="774" ind1=" " ind2=" ">
      <subfield code="w">85701068</subfield>
    </datafield>
    <datafield tag="774" ind1=" " ind2=" ">
      <subfield code="w">85701069</subfield>
    </datafield>
    <datafield tag="774" ind1=" " ind2=" ">
      <subfield code="w">85701070</subfield>
    </datafield>
    <datafield tag="774" ind1=" " ind2=" ">
      <subfield code="w">85701071</subfield>
    </datafield>
    <datafield tag="774" ind1=" " ind2=" ">
      <subfield code="w">85701072</subfield>
    </datafield>
    <datafield tag="774" ind1=" " ind2=" ">
      <subfield code="w">85701073</subfield>
    </datafield>
    <datafield tag="774" ind1=" " ind2=" ">
      <subfield code="w">85701074</subfield>
    </datafield>
    <datafield tag="774" ind1=" " ind2=" ">
      <subfield code="w">85701075</subfield>
    </datafield>
    <datafield tag="774" ind1=" " ind2=" ">
      <subfield code="w">85701076</subfield>
    </datafield>
    <datafield tag="774" ind1=" " ind2=" ">
      <subfield code="w">85701077</subfield>
    </datafield>
    <datafield tag="774" ind1=" " ind2=" ">
      <subfield code="w">85701078</subfield>
    </datafield>
    <datafield tag="774" ind1=" " ind2=" ">
      <subfield code="w">85701079</subfield>
    </datafield>
    <datafield tag="774" ind1=" " ind2=" ">
      <subfield code="w">85701080</subfield>
    </datafield>
    <datafield tag="774" ind1=" " ind2=" ">
      <subfield code="w">85701081</subfield>
    </datafield>
    <datafield tag="774" ind1=" " ind2=" ">
      <subfield code="w">85701082</subfield>
    </datafield>
    <datafield tag="774" ind1=" " ind2=" ">
      <subfield code="w">85701083</subfield>
    </datafield>
    <datafield tag="774" ind1=" " ind2=" ">
      <subfield code="w">85701084</subfield>
    </datafield>
    <datafield tag="774" ind1=" " ind2=" ">
      <subfield code="w">85701085</subfield>
    </datafield>
    <datafield tag="774" ind1=" " ind2=" ">
      <subfield code="w">85701086</subfield>
    </datafield>
    <datafield tag="774" ind1=" " ind2=" ">
      <subfield code="w">85701087</subfield>
    </datafield>
    <datafield tag="774" ind1=" " ind2=" ">
      <subfield code="w">85701088</subfield>
    </datafield>
    <datafield tag="774" ind1=" " ind2=" ">
      <subfield code="w">85701089</subfield>
    </datafield>
    <datafield tag="774" ind1=" " ind2=" ">
      <subfield code="w">85701090</subfield>
    </datafield>
    <datafield tag="852" ind1=" " ind2=" ">
      <subfield code="a">V-CVbav</subfield>
      <subfield code="c">CS 74</subfield>
      <subfield code="d">042</subfield>
      <subfield code="d">074</subfield>
      <subfield code="d">A074</subfield>
      <subfield code="z">Fondo Cappella Sistina</subfield>
    </datafield>
  </record>