
    <record>
      <leader>00000ncd a2200000 u 4500</leader>
      <controlfield tag="001">85701055</controlfield>
      <datafield tag="031" ind1=" " ind2=" ">
        <subfield code="a">1</subfield>
        <subfield code="b">1</subfield>
        <subfield code="c">1</subfield>
        <subfield code="d">Passio secundum Matthaeum</subfield>
        <subfield code="t">Non in die festo ne forte tumultus fieret in populo (Mt 26:5)</subfield>
        <subfield code="m">ST|AB</subfield>
        <subfield code="q">composed by Victoria, Tomás Luis de</subfield>
      </datafield>
      <datafield tag="031" ind1=" " ind2=" ">
        <subfield code="a">1</subfield>
        <subfield code="b">2</subfield>
        <subfield code="c">1</subfield>
        <subfield code="d">Passio secundum Matthaeum</subfield>
        <subfield code="t">Ut quid per dictio hec potuit enim unguentum istud venum dari multo et dari pauperibus (Mt 26:9-10)</subfield>
        <subfield code="m">ST|AB</subfield>
        <subfield code="q">composed by Victoria, Tomás Luis de</subfield>
      </datafield>
      <datafield tag="031" ind1=" " ind2=" ">
        <subfield code="a">1</subfield>
        <subfield code="b">3</subfield>
        <subfield code="c">1</subfield>
        <subfield code="d">Passio secundum Matthaeum</subfield>
        <subfield code="t">Ubi vis paremus tibi comedere pascha (Mt 26:17)</subfield>
        <subfield code="m">ST|AB</subfield>
        <subfield code="q">composed by Victoria, Tomás Luis de</subfield>
      </datafield>
      <datafield tag="031" ind1=" " ind2=" ">
        <subfield code="a">1</subfield>
        <subfield code="b">4</subfield>
        <subfield code="c">1</subfield>
        <subfield code="d">Passio secundum Matthaeum</subfield>
        <subfield code="t">Hic dixit possum destruere templum dei et in triduo reedificare illud (Mt )</subfield>
        <subfield code="m">S|A</subfield>
        <subfield code="q">composed by Victoria, Tomás Luis de</subfield>
      </datafield>
      <datafield tag="031" ind1=" " ind2=" ">
        <subfield code="a">1</subfield>
        <subfield code="b">5</subfield>
        <subfield code="c">1</subfield>
        <subfield code="d">Passio secundum Matthaeum</subfield>
        <subfield code="t">Deus est mortis</subfield>
        <subfield code="m">ST|AB</subfield>
        <subfield code="q">composed by Victoria, Tomás Luis de</subfield>
      </datafield>
      <datafield tag="031" ind1=" " ind2=" ">
        <subfield code="a">1</subfield>
        <subfield code="b">6</subfield>
        <subfield code="c">1</subfield>
        <subfield code="d">Passio secundum Matthaeum</subfield>
        <subfield code="t">Prophetiza nobis Christe quis est qui  te percussit</subfield>
        <subfield code="m">ST|AB</subfield>
        <subfield code="q">composed by Victoria, Tomás Luis de</subfield>
      </datafield>
      <datafield tag="031" ind1=" " ind2=" ">
        <subfield code="a">1</subfield>
        <subfield code="b">7</subfield>
        <subfield code="c">1</subfield>
        <subfield code="d">Passio secundum Matthaeum</subfield>
        <subfield code="t">Et tu cum Iesu galileo eras</subfield>
        <subfield code="m">S|S2</subfield>
        <subfield code="q">composed by Victoria, Tomás Luis de</subfield>
        <subfield code="q">Im Cantus:" Si placet." und "Cantus Secun. Si placet."</subfield>
      </datafield>
      <datafield tag="031" ind1=" " ind2=" ">
        <subfield code="a">1</subfield>
        <subfield code="b">8</subfield>
        <subfield code="c">1</subfield>
        <subfield code="d">Passio secundum Matthaeum</subfield>
        <subfield code="t">Et hic erat cum Iesu nazareno</subfield>
        <subfield code="m">S|S2</subfield>
        <subfield code="q">composed by Victoria, Tomás Luis de</subfield>
        <subfield code="q">Im Cantus "Etiam si placet." und "Cantus Secun. Etiam si placet."</subfield>
      </datafield>
      <datafield tag="031" ind1=" " ind2=" ">
        <subfield code="a">1</subfield>
        <subfield code="b">9</subfield>
        <subfield code="c">1</subfield>
        <subfield code="d">Passio secundum Matthaeum</subfield>
        <subfield code="t">Vere et tu exillis es, nam et loque la tua manifestum te facit</subfield>
        <subfield code="m">ST|AB</subfield>
        <subfield code="q">composed by Victoria, Tomás Luis de</subfield>
      </datafield>
      <datafield tag="031" ind1=" " ind2=" ">
        <subfield code="a">1</subfield>
        <subfield code="b">10</subfield>
        <subfield code="c">1</subfield>
        <subfield code="d">Passio secundum Matthaeum</subfield>
        <subfield code="t">Quid ad nos, tu videris</subfield>
        <subfield code="m">ST|AB</subfield>
        <subfield code="q">composed by Victoria, Tomás Luis de</subfield>
      </datafield>
      <datafield tag="031" ind1=" " ind2=" ">
        <subfield code="a">1</subfield>
        <subfield code="b">11</subfield>
        <subfield code="c">1</subfield>
        <subfield code="d">Passio secundum Matthaeum</subfield>
        <subfield code="t">Non licet eos mittere in corbonam, quia pretium sanguinis est</subfield>
        <subfield code="m">ST|AB</subfield>
        <subfield code="q">composed by Victoria, Tomás Luis de</subfield>
      </datafield>
      <datafield tag="031" ind1=" " ind2=" ">
        <subfield code="a">1</subfield>
        <subfield code="b">12</subfield>
        <subfield code="c">1</subfield>
        <subfield code="d">Passio secundum Matthaeum</subfield>
        <subfield code="t">Barabam</subfield>
        <subfield code="m">ST|AB</subfield>
        <subfield code="q">composed by Victoria, Tomás Luis de</subfield>
      </datafield>
      <datafield tag="031" ind1=" " ind2=" ">
        <subfield code="a">1</subfield>
        <subfield code="b">13</subfield>
        <subfield code="c">1</subfield>
        <subfield code="d">Passio secundum Matthaeum</subfield>
        <subfield code="t">Crucifigatur</subfield>
        <subfield code="m">ST|AB</subfield>
        <subfield code="q">composed by Victoria, Tomás Luis de</subfield>
      </datafield>
      <datafield tag="031" ind1=" " ind2=" ">
        <subfield code="a">1</subfield>
        <subfield code="b">14</subfield>
        <subfield code="c">1</subfield>
        <subfield code="d">Passio secundum Matthaeum</subfield>
        <subfield code="t">Crucifigatur</subfield>
        <subfield code="m">ST|AB</subfield>
        <subfield code="q">composed by Victoria, Tomás Luis de</subfield>
        <subfield code="q">Der selbe Satz beim zweitenmal.</subfield>
      </datafield>
      <datafield tag="031" ind1=" " ind2=" ">
        <subfield code="a">1</subfield>
        <subfield code="b">15</subfield>
        <subfield code="c">1</subfield>
        <subfield code="d">Passio secundum Matthaeum</subfield>
        <subfield code="t">Sanguis eius super nos et super filios nostros</subfield>
        <subfield code="m">ST|AB</subfield>
        <subfield code="q">composed by Victoria, Tomás Luis de</subfield>
      </datafield>
      <datafield tag="031" ind1=" " ind2=" ">
        <subfield code="a">1</subfield>
        <subfield code="b">16</subfield>
        <subfield code="c">1</subfield>
        <subfield code="d">Passio secundum Matthaeum</subfield>
        <subfield code="t">Ave Rex iudorum (Mt 27:29)</subfield>
        <subfield code="m">ST|AB</subfield>
        <subfield code="q">composed by Victoria, Tomás Luis de</subfield>
      </datafield>
      <datafield tag="031" ind1=" " ind2=" ">
        <subfield code="a">1</subfield>
        <subfield code="b">17</subfield>
        <subfield code="c">1</subfield>
        <subfield code="d">Passio secundum Matthaeum</subfield>
        <subfield code="t">Uah uah qui destruis templum dei et in triduo reedificas illud salva te met ipsum si filius dei es descende de cruce (Mt 27:40)</subfield>
        <subfield code="m">ST|AB</subfield>
        <subfield code="q">composed by Victoria, Tomás Luis de</subfield>
      </datafield>
      <datafield tag="031" ind1=" " ind2=" ">
        <subfield code="a">1</subfield>
        <subfield code="b">18</subfield>
        <subfield code="c">1</subfield>
        <subfield code="d">Passio secundum Matthaeum</subfield>
        <subfield code="t">Alios salvos fecit se ipsum non potest salvum facere si Rex Israel est descendat ...Forts. in Bemerkungen (Mt 27: 42-43)</subfield>
        <subfield code="m">ST|AB</subfield>
        <subfield code="q">composed by Victoria, Tomás Luis de</subfield>
        <subfield code="q">Forts. aus Spalte Stücktitel original: "nunc de cruce et credimus ei confidit in Deo dixit enim quia filius Dei sum".</subfield>
      </datafield>
      <datafield tag="031" ind1=" " ind2=" ">
        <subfield code="a">1</subfield>
        <subfield code="b">19</subfield>
        <subfield code="c">1</subfield>
        <subfield code="d">Passio secundum Matthaeum</subfield>
        <subfield code="t">Etiam vocat iste</subfield>
        <subfield code="m">ST|AB</subfield>
        <subfield code="q">composed by Victoria, Tomás Luis de</subfield>
      </datafield>
      <datafield tag="031" ind1=" " ind2=" ">
        <subfield code="a">1</subfield>
        <subfield code="b">20</subfield>
        <subfield code="c">1</subfield>
        <subfield code="d">Passio secundum Matthaeum</subfield>
        <subfield code="t">Sine videamus anveniat Elias liberans eum</subfield>
        <subfield code="m">T|AB</subfield>
        <subfield code="q">composed by Victoria, Tomás Luis de</subfield>
      </datafield>
      <datafield tag="031" ind1=" " ind2=" ">
        <subfield code="a">1</subfield>
        <subfield code="b">21</subfield>
        <subfield code="c">1</subfield>
        <subfield code="d">Passio secundum Matthaeum</subfield>
        <subfield code="t">Vere filius Dei erat iste</subfield>
        <subfield code="m">ST|AB</subfield>
        <subfield code="q">composed by Victoria, Tomás Luis de</subfield>
      </datafield>
      <datafield tag="100" ind1=" " ind2=" ">
        <subfield code="a">Victoria, Tomás Luis de</subfield>
      </datafield>
      <datafield tag="240" ind1=" " ind2=" ">
        <subfield code="a">Passio secundum Matthaeum</subfield>
        <subfield code="m">V (5)</subfield>
      </datafield>
      <datafield tag="245" ind1=" " ind2=" ">
        <subfield code="a">Passio secundum Matheum pro Dominica in ramis palmarum</subfield>
      </datafield>
      <datafield tag="300" ind1=" " ind2=" ">
        <subfield code="a">Choirbook, fol. 5v-9r</subfield>
        <subfield code="8">01</subfield>
      </datafield>
      <datafield tag="500" ind1=" " ind2=" ">
        <subfield code="a"/>
        <subfield code="a">Textnachweis: Mt 26:1-28:20</subfield>
        <subfield code="a">Titel im Index: Passio secundum Matheum pro Dominica in ramis palmarum</subfield>
        <subfield code="a">Komponist im Index: Thomae Ludovici de Victoria</subfield>
        <subfield code="a">Dom. in Palmis. Passio</subfield>
        <subfield code="a">I-LT</subfield>
        <subfield code="a">100</subfield>
        <subfield code="a">4</subfield>
        <subfield code="a">Victoria, Tomás Luis de</subfield>
        <subfield code="a">Passio secundum Matthaeum</subfield>
        <subfield code="a">Thomae Ludovici de Victoria</subfield>
      </datafield>
      <datafield tag="657" ind1=" " ind2=" ">
        <subfield code="a">Dom. in Palmis. Passio</subfield>
      </datafield>
      <datafield tag="691" ind1=" " ind2=" ">
        <subfield code="a">Victoria OO</subfield>
        <subfield code="n">vol. 5,  p. 113-118.</subfield>
        <subfield code="0"> p. 113-118.</subfield>
      </datafield>
      <datafield tag="730" ind1=" " ind2=" ">
        <subfield code="a">Passio secundum Matthaeum</subfield>
      </datafield>
      <datafield tag="730" ind1=" " ind2=" ">
        <subfield code="a">Passio secundum Matheum pro Dominica in ramis palmarum</subfield>
      </datafield>
      <datafield tag="730" ind1=" " ind2=" ">
        <subfield code="a">Passion</subfield>
      </datafield>
      <datafield tag="773" ind1=" " ind2=" ">
        <subfield code="w">85700004</subfield>
      </datafield>
      <datafield tag="852" ind1=" " ind2=" ">
        <subfield code="a">V-CVbav</subfield>
        <subfield code="c">CS 74</subfield>
        <subfield code="z">Fondo Cappella Sistina</subfield>
      </datafield>
      <datafield tag="593" ind1=" " ind2=" ">
        <subfield code="a">Print</subfield>
        <subfield code="8">01</subfield>
      </datafield>
      <datafield tag="594" ind1=" " ind2=" ">
        <subfield code="b">S</subfield>
        <subfield code="c">2</subfield>
      </datafield>
      <datafield tag="594" ind1=" " ind2=" ">
        <subfield code="b">T</subfield>
        <subfield code="c">1</subfield>
      </datafield>
      <datafield tag="594" ind1=" " ind2=" ">
        <subfield code="b">A</subfield>
        <subfield code="c">1</subfield>
      </datafield>
      <datafield tag="594" ind1=" " ind2=" ">
        <subfield code="b">B</subfield>
        <subfield code="c">1</subfield>
      </datafield>
    </record>