
    <record>
      <leader>00000ncd a2200000 u 4500</leader>
      <controlfield tag="001">85701056</controlfield>
      <datafield tag="031" ind1=" " ind2=" ">
        <subfield code="a">1</subfield>
        <subfield code="b">1</subfield>
        <subfield code="c">1</subfield>
        <subfield code="d">O Domine Iesu Christe</subfield>
        <subfield code="t">O Domine Iesu Christe</subfield>
        <subfield code="m">SA2T|AT2B</subfield>
        <subfield code="q">composed by Victoria, Tomás Luis de</subfield>
      </datafield>
      <datafield tag="100" ind1=" " ind2=" ">
        <subfield code="a">Victoria, Tomás Luis de</subfield>
      </datafield>
      <datafield tag="240" ind1=" " ind2=" ">
        <subfield code="a">O Domine Jesu Christe</subfield>
        <subfield code="m">V (6)</subfield>
      </datafield>
      <datafield tag="245" ind1=" " ind2=" ">
        <subfield code="a">In elevatione Domini</subfield>
      </datafield>
      <datafield tag="300" ind1=" " ind2=" ">
        <subfield code="a">Choirbook, fol. 9v-11r</subfield>
        <subfield code="8">01</subfield>
      </datafield>
      <datafield tag="500" ind1=" " ind2=" ">
        <subfield code="a"/>
        <subfield code="a">Titel im Index: In elevatione Domini</subfield>
        <subfield code="a">Komponist im Index: Thomae Ludovici de Victoria</subfield>
        <subfield code="a">Dom. in Palmis. In elevatione</subfield>
        <subfield code="a">V 1423 (1589)</subfield>
        <subfield code="a">Francesco und Erben Tini</subfield>
        <subfield code="a">n. 35</subfield>
        <subfield code="a">Victoria, Tomás Luis de</subfield>
        <subfield code="a">O Domine Jesu Christe</subfield>
        <subfield code="a">V 1424 (1589)</subfield>
        <subfield code="a">Mayer</subfield>
        <subfield code="a">n. 35</subfield>
        <subfield code="a">Victoria, Tomás Luis de</subfield>
        <subfield code="a">O Domine Jesu Christe</subfield>
        <subfield code="a">V 1425 (1609)</subfield>
        <subfield code="a">Gardano, Angelo</subfield>
        <subfield code="a">n. 39</subfield>
        <subfield code="a">Victoria, Tomás Luis de</subfield>
        <subfield code="a">O Domine Jesu Christe</subfield>
        <subfield code="a">V 1427 (1576)</subfield>
        <subfield code="a">Gardano, Angelo</subfield>
        <subfield code="a">n. 10</subfield>
        <subfield code="a">Victoria, Tomás Luis de</subfield>
        <subfield code="a">O Domine Jesu Christe</subfield>
        <subfield code="a">V 1432 (1585)</subfield>
        <subfield code="a">Gardano, Alessandro (gedruckt bei Dominico Basa)</subfield>
        <subfield code="a">n. 3</subfield>
        <subfield code="a">Victoria, Tomás Luis de</subfield>
        <subfield code="a">O Domine Jesu Christe</subfield>
        <subfield code="a">V 1433 (=1585/kr)</subfield>
        <subfield code="a">Gardano, Alessandro (gedruckt bei Dominico Basa)</subfield>
        <subfield code="a">n. 13</subfield>
        <subfield code="a">Victoria, Tomás Luis de</subfield>
        <subfield code="a">O Domine Jesu Christe</subfield>
        <subfield code="a">Thomae Ludovici de Victoria</subfield>
      </datafield>
      <datafield tag="657" ind1=" " ind2=" ">
        <subfield code="a">Dom. in Palmis. In elevatione</subfield>
      </datafield>
      <datafield tag="691" ind1=" " ind2=" ">
        <subfield code="a">Victoria OO</subfield>
        <subfield code="n">vol. 5,  p. 119-121</subfield>
        <subfield code="0"> p. 119-121</subfield>
      </datafield>
      <datafield tag="691" ind1=" " ind2=" ">
        <subfield code="a">Victoria MME</subfield>
        <subfield code="n">vol. 31,  p. 75-77.</subfield>
        <subfield code="0"> p. 75-77.</subfield>
      </datafield>
      <datafield tag="730" ind1=" " ind2=" ">
        <subfield code="a">O Domine Jesu Christe</subfield>
      </datafield>
      <datafield tag="730" ind1=" " ind2=" ">
        <subfield code="a">In elevatione Domini</subfield>
      </datafield>
      <datafield tag="730" ind1=" " ind2=" ">
        <subfield code="a">XX</subfield>
      </datafield>
      <datafield tag="773" ind1=" " ind2=" ">
        <subfield code="w">85700004</subfield>
      </datafield>
      <datafield tag="852" ind1=" " ind2=" ">
        <subfield code="a">V-CVbav</subfield>
        <subfield code="c">CS 74</subfield>
        <subfield code="z">Fondo Cappella Sistina</subfield>
      </datafield>
      <datafield tag="593" ind1=" " ind2=" ">
        <subfield code="a">Print</subfield>
        <subfield code="8">01</subfield>
      </datafield>
      <datafield tag="594" ind1=" " ind2=" ">
        <subfield code="b">S</subfield>
        <subfield code="c">1</subfield>
      </datafield>
      <datafield tag="594" ind1=" " ind2=" ">
        <subfield code="b">T</subfield>
        <subfield code="c">2</subfield>
      </datafield>
      <datafield tag="594" ind1=" " ind2=" ">
        <subfield code="b">A</subfield>
        <subfield code="c">2</subfield>
      </datafield>
      <datafield tag="594" ind1=" " ind2=" ">
        <subfield code="b">B</subfield>
        <subfield code="c">1</subfield>
      </datafield>
    </record>