
    <record>
      <leader>00000ncd a2200000 u 4500</leader>
      <controlfield tag="001">85701057</controlfield>
      <datafield tag="031" ind1=" " ind2=" ">
        <subfield code="a">1</subfield>
        <subfield code="b">1</subfield>
        <subfield code="c">1</subfield>
        <subfield code="d">Lamentatio Jeremiae. Lectio prima</subfield>
        <subfield code="t">Incipit Lamentio Jeremiae prophetae</subfield>
        <subfield code="m">ST|AB</subfield>
        <subfield code="q">composed by Victoria, Tomás Luis de</subfield>
      </datafield>
      <datafield tag="031" ind1=" " ind2=" ">
        <subfield code="a">1</subfield>
        <subfield code="b">2</subfield>
        <subfield code="c">1</subfield>
        <subfield code="d">Lamentatio Jeremiae. Lectio prima</subfield>
        <subfield code="t">Aleph. Quomodo sedet sola civitas plena populo, facta est domina gentium</subfield>
        <subfield code="m">ST|AB</subfield>
        <subfield code="q">composed by Victoria, Tomás Luis de</subfield>
      </datafield>
      <datafield tag="031" ind1=" " ind2=" ">
        <subfield code="a">1</subfield>
        <subfield code="b">3</subfield>
        <subfield code="c">1</subfield>
        <subfield code="d">Lamentatio Jeremiae. Lectio prima</subfield>
        <subfield code="t">Principes provinciarum facta est sub tribilo</subfield>
        <subfield code="m">ST|AB</subfield>
        <subfield code="q">composed by Victoria, Tomás Luis de</subfield>
      </datafield>
      <datafield tag="031" ind1=" " ind2=" ">
        <subfield code="a">1</subfield>
        <subfield code="b">4</subfield>
        <subfield code="c">1</subfield>
        <subfield code="d">Lamentatio Jeremiae. Lectio prima</subfield>
        <subfield code="t">Beth.</subfield>
        <subfield code="m">ST|AB</subfield>
        <subfield code="q">composed by Victoria, Tomás Luis de</subfield>
      </datafield>
      <datafield tag="031" ind1=" " ind2=" ">
        <subfield code="a">1</subfield>
        <subfield code="b">5</subfield>
        <subfield code="c">1</subfield>
        <subfield code="d">Lamentatio Jeremiae. Lectio prima</subfield>
        <subfield code="t">Plorans ploravit in nocte et lachrime eius in maxillis eius</subfield>
        <subfield code="m">ST|A</subfield>
        <subfield code="q">composed by Victoria, Tomás Luis de</subfield>
      </datafield>
      <datafield tag="031" ind1=" " ind2=" ">
        <subfield code="a">1</subfield>
        <subfield code="b">7</subfield>
        <subfield code="c">1</subfield>
        <subfield code="d">Lamentatio Jeremiae. Lectio prima</subfield>
        <subfield code="t">Hierusalem. Convertere ad Dominum Deum tuum</subfield>
        <subfield code="m">SAT|S2B</subfield>
        <subfield code="q">composed by Victoria, Tomás Luis de</subfield>
      </datafield>
      <datafield tag="100" ind1=" " ind2=" ">
        <subfield code="a">Victoria, Tomás Luis de</subfield>
      </datafield>
      <datafield tag="240" ind1=" " ind2=" ">
        <subfield code="a">Lamentatio Jeremiae. Lectio prima</subfield>
        <subfield code="m">V (5)</subfield>
      </datafield>
      <datafield tag="245" ind1=" " ind2=" ">
        <subfield code="a">Incipit</subfield>
      </datafield>
      <datafield tag="300" ind1=" " ind2=" ">
        <subfield code="a">Choirbook, fol. 11v-14r</subfield>
        <subfield code="8">01</subfield>
      </datafield>
      <datafield tag="500" ind1=" " ind2=" ">
        <subfield code="a"/>
        <subfield code="a">Textnachweis: Lam 1:1-5</subfield>
        <subfield code="a">Titel im Index: Incipit</subfield>
        <subfield code="a">Komponist im Index: Thomae Ludovici de Victoria</subfield>
        <subfield code="a">Fer. V in coena Domini. Lectio prima</subfield>
        <subfield code="a">Victoria, Tomás Luis de</subfield>
        <subfield code="a">Lamentatio Jeremiae. Lectio prima</subfield>
        <subfield code="a">Thomae Ludovici de Victoria</subfield>
      </datafield>
      <datafield tag="657" ind1=" " ind2=" ">
        <subfield code="a">Fer. V in coena Domini. Lectio prima</subfield>
      </datafield>
      <datafield tag="691" ind1=" " ind2=" ">
        <subfield code="a">Victoria OO</subfield>
        <subfield code="n">vol. 5,  p. 122-125.</subfield>
        <subfield code="0"> p. 122-125.</subfield>
      </datafield>
      <datafield tag="730" ind1=" " ind2=" ">
        <subfield code="a">Lamentatio Jeremiae. Lectio prima</subfield>
      </datafield>
      <datafield tag="730" ind1=" " ind2=" ">
        <subfield code="a">Incipit</subfield>
      </datafield>
      <datafield tag="730" ind1=" " ind2=" ">
        <subfield code="a">Lamentation</subfield>
      </datafield>
      <datafield tag="773" ind1=" " ind2=" ">
        <subfield code="w">85700004</subfield>
      </datafield>
      <datafield tag="852" ind1=" " ind2=" ">
        <subfield code="a">V-CVbav</subfield>
        <subfield code="c">CS 74</subfield>
        <subfield code="z">Fondo Cappella Sistina</subfield>
      </datafield>
      <datafield tag="593" ind1=" " ind2=" ">
        <subfield code="a">Print</subfield>
        <subfield code="8">01</subfield>
      </datafield>
      <datafield tag="594" ind1=" " ind2=" ">
        <subfield code="b">S</subfield>
        <subfield code="c">2</subfield>
      </datafield>
      <datafield tag="594" ind1=" " ind2=" ">
        <subfield code="b">T</subfield>
        <subfield code="c">1</subfield>
      </datafield>
      <datafield tag="594" ind1=" " ind2=" ">
        <subfield code="b">A</subfield>
        <subfield code="c">1</subfield>
      </datafield>
      <datafield tag="594" ind1=" " ind2=" ">
        <subfield code="b">B</subfield>
        <subfield code="c">1</subfield>
      </datafield>
    </record>