
    <record>
      <leader>00000ncd a2200000 u 4500</leader>
      <controlfield tag="001">85701067</controlfield>
      <datafield tag="031" ind1=" " ind2=" ">
        <subfield code="a">1</subfield>
        <subfield code="b">1</subfield>
        <subfield code="c">1</subfield>
        <subfield code="d">Miserere mei Deus</subfield>
        <subfield code="t">Miserere mei Deus</subfield>
        <subfield code="m">ST|AB</subfield>
        <subfield code="q">composed by Victoria, Tomás Luis de</subfield>
      </datafield>
      <datafield tag="031" ind1=" " ind2=" ">
        <subfield code="a">1</subfield>
        <subfield code="b">2</subfield>
        <subfield code="c">1</subfield>
        <subfield code="d">Miserere mei Deus</subfield>
        <subfield code="t">Amplius lava me</subfield>
        <subfield code="m">ST|AB</subfield>
        <subfield code="q">composed by Victoria, Tomás Luis de</subfield>
      </datafield>
      <datafield tag="031" ind1=" " ind2=" ">
        <subfield code="a">1</subfield>
        <subfield code="b">3</subfield>
        <subfield code="c">1</subfield>
        <subfield code="d">Miserere mei Deus</subfield>
        <subfield code="t">Ibi soli peccavi</subfield>
        <subfield code="m">ST|AB</subfield>
        <subfield code="q">composed by Victoria, Tomás Luis de</subfield>
      </datafield>
      <datafield tag="031" ind1=" " ind2=" ">
        <subfield code="a">1</subfield>
        <subfield code="b">4</subfield>
        <subfield code="c">1</subfield>
        <subfield code="d">Miserere mei Deus</subfield>
        <subfield code="t">Ecce enim veritatem</subfield>
        <subfield code="m">ST|AB</subfield>
        <subfield code="q">composed by Victoria, Tomás Luis de</subfield>
      </datafield>
      <datafield tag="031" ind1=" " ind2=" ">
        <subfield code="a">1</subfield>
        <subfield code="b">5</subfield>
        <subfield code="c">1</subfield>
        <subfield code="d">Miserere mei Deus</subfield>
        <subfield code="t">Auditui meo datis gaudium</subfield>
        <subfield code="m">ST|AB</subfield>
        <subfield code="q">composed by Victoria, Tomás Luis de</subfield>
      </datafield>
      <datafield tag="031" ind1=" " ind2=" ">
        <subfield code="a">1</subfield>
        <subfield code="b">6</subfield>
        <subfield code="c">1</subfield>
        <subfield code="d">Miserere mei Deus</subfield>
        <subfield code="t">Cor mundum crea in me Deus</subfield>
        <subfield code="m">ST|AB</subfield>
        <subfield code="q">composed by Victoria, Tomás Luis de</subfield>
      </datafield>
      <datafield tag="031" ind1=" " ind2=" ">
        <subfield code="a">1</subfield>
        <subfield code="b">7</subfield>
        <subfield code="c">1</subfield>
        <subfield code="d">Miserere mei Deus</subfield>
        <subfield code="t">Redde mihi letitiam</subfield>
        <subfield code="m">ST|AB</subfield>
        <subfield code="q">composed by Victoria, Tomás Luis de</subfield>
      </datafield>
      <datafield tag="031" ind1=" " ind2=" ">
        <subfield code="a">1</subfield>
        <subfield code="b">8</subfield>
        <subfield code="c">1</subfield>
        <subfield code="d">Miserere mei Deus</subfield>
        <subfield code="t">Libera me de sanguinibus Deus</subfield>
        <subfield code="m">ST|AB</subfield>
        <subfield code="q">composed by Victoria, Tomás Luis de</subfield>
      </datafield>
      <datafield tag="031" ind1=" " ind2=" ">
        <subfield code="a">1</subfield>
        <subfield code="b">9</subfield>
        <subfield code="c">1</subfield>
        <subfield code="d">Miserere mei Deus</subfield>
        <subfield code="t">Quoniam si voluises sacrificium</subfield>
        <subfield code="m">ST|AB</subfield>
        <subfield code="q">composed by Victoria, Tomás Luis de</subfield>
      </datafield>
      <datafield tag="031" ind1=" " ind2=" ">
        <subfield code="a">1</subfield>
        <subfield code="b">10</subfield>
        <subfield code="c">1</subfield>
        <subfield code="d">Miserere mei Deus</subfield>
        <subfield code="t">Benigne fac Domine - Et secundum multitudinem</subfield>
        <subfield code="m">ST|AB und SS2|AT</subfield>
        <subfield code="q">composed by Victoria, Tomás Luis de</subfield>
        <subfield code="q">Secundus chorus</subfield>
      </datafield>
      <datafield tag="100" ind1=" " ind2=" ">
        <subfield code="a">Victoria, Tomás Luis de</subfield>
      </datafield>
      <datafield tag="240" ind1=" " ind2=" ">
        <subfield code="a">Miserere mei Deus</subfield>
        <subfield code="m">V (8)</subfield>
      </datafield>
      <datafield tag="245" ind1=" " ind2=" ">
        <subfield code="a">Miserere</subfield>
      </datafield>
      <datafield tag="300" ind1=" " ind2=" ">
        <subfield code="a">Choirbook, fol. 31v-35r</subfield>
        <subfield code="8">01</subfield>
      </datafield>
      <datafield tag="500" ind1=" " ind2=" ">
        <subfield code="a">fol. 34v-35r Secundus chorus si placet</subfield>
        <subfield code="a">Textnachweis: Ps 51 (50), AR, p. 75, 154*, AMo, p. 25, 413, 1263</subfield>
        <subfield code="a">Titel im Index: Miserere</subfield>
        <subfield code="a">Komponist im Index: Thomae Ludovici de Victoria</subfield>
        <subfield code="a">Fer. V in coena Domini.</subfield>
        <subfield code="a">Victoria, Tomás Luis de</subfield>
        <subfield code="a">Miserere mei Deus</subfield>
        <subfield code="a">Thomae Ludovici de Victoria</subfield>
      </datafield>
      <datafield tag="657" ind1=" " ind2=" ">
        <subfield code="a">Fer. V in coena Domini.</subfield>
      </datafield>
      <datafield tag="691" ind1=" " ind2=" ">
        <subfield code="a">Victoria OO</subfield>
        <subfield code="n">vol. 5,  p. 147-148.</subfield>
        <subfield code="0"> p. 147-148.</subfield>
      </datafield>
      <datafield tag="730" ind1=" " ind2=" ">
        <subfield code="a">Miserere mei Deus</subfield>
      </datafield>
      <datafield tag="730" ind1=" " ind2=" ">
        <subfield code="a">Miserere</subfield>
      </datafield>
      <datafield tag="730" ind1=" " ind2=" ">
        <subfield code="a">Responsorium</subfield>
      </datafield>
      <datafield tag="773" ind1=" " ind2=" ">
        <subfield code="w">85700004</subfield>
      </datafield>
      <datafield tag="852" ind1=" " ind2=" ">
        <subfield code="a">V-CVbav</subfield>
        <subfield code="c">CS 74</subfield>
        <subfield code="z">Fondo Cappella Sistina</subfield>
      </datafield>
      <datafield tag="593" ind1=" " ind2=" ">
        <subfield code="a">Print</subfield>
        <subfield code="8">01</subfield>
      </datafield>
      <datafield tag="594" ind1=" " ind2=" ">
        <subfield code="b">S</subfield>
        <subfield code="c">3</subfield>
      </datafield>
      <datafield tag="594" ind1=" " ind2=" ">
        <subfield code="b">T</subfield>
        <subfield code="c">2</subfield>
      </datafield>
      <datafield tag="594" ind1=" " ind2=" ">
        <subfield code="b">A</subfield>
        <subfield code="c">2</subfield>
      </datafield>
      <datafield tag="594" ind1=" " ind2=" ">
        <subfield code="b">B</subfield>
        <subfield code="c">1</subfield>
      </datafield>
    </record>