
  </content>
  <record>
    <leader>00000ncc a2200000 u 4500</leader>
    <controlfield tag="001">85700005</controlfield>
    <datafield tag="041" ind1=" " ind2=" ">
      <subfield code="a">lat</subfield>
    </datafield>
    <datafield tag="100" ind1=" " ind2=" ">
      <subfield code="a">Francesco Soriano (Surianus)</subfield>
    </datafield>
    <datafield tag="130" ind1=" " ind2=" ">
      <subfield code="a">Sacred songs</subfield>
    </datafield>
    <datafield tag="245" ind1=" " ind2=" ">
      <subfield code="a">Smo. | D N PAVLO V | PONT OPT MAX | D | Francisci Suriani Romani, | in Basilica Vaticana Musicae Praefecti. | Missarum liber primus.</subfield>
    </datafield>
    <datafield tag="260" ind1=" " ind2=" ">
      <subfield code="a">Rom</subfield>
      <subfield code="b">Roma: Giovanni Battista Robledo</subfield>
      <subfield code="c">1609</subfield>
      <subfield code="8">01</subfield>
    </datafield>
    <datafield tag="300" ind1=" " ind2=" ">
      <subfield code="a">1 choirbook: 96f.</subfield>
      <subfield code="b">Papier</subfield>
      <subfield code="c">548x413</subfield>
      <subfield code="8">01</subfield>
    </datafield>
    <datafield tag="500" ind1=" " ind2=" ">
      <subfield code="a">Aktuelle Lagenstrukturen: f01, fI, IV7 ... IV87, II91, f02, f03; ursprünglich alles Einzelblätter (s. fol. LXXXXIv), aber whl schon bei erster Bindung zu Quaternionen zusammengefügt.</subfield>
      <subfield code="8">01</subfield>
    </datafield>
    <datafield tag="500" ind1=" " ind2=" ">
      <subfield code="a"/>
      <subfield code="a">Smo. / D N PAVLO V / PONT OPT MAX / D / Francisci Suriani Romani, / in Basilica Vaticana Musicae Praefecti. / Missarum liber primus.</subfield>
      <subfield code="a">Aktuelle Blattzählung: [01] I-III, II-LXXXI [02-03], röm. Foliierung oben rechts eingedruckt, I-III arab. modern Blei unten Mitte nachgetragen</subfield>
      <subfield code="a">Notation: weiß mensural</subfield>
      <subfield code="a">Signatur: Wahrscheinlich von Paul V. oder von Soriano der Cappella geschenkt - DS?? Nicht sicher, ob je im Repertoire der Cappella - hohe Panuzzi-Nummer (im Kodex nicht mehr verzeichnet, vermutlich bei Neubindung 1721 abgeschnitten oder aus dem Deckel entfernt), sonst keine Werke Sorianos im Repertoire.</subfield>
      <subfield code="a">Dekoration: Schönes Kupferstich-Frontispiz (fol. IIr ganzseitig von Augustinus Ciampellius florentinus inventor, Philippus Thomassinus Trecensis sculpsit 1609): Soriano überreicht knieend Papst Paul V. den Messenband (auf der im Bild aufgeschlagenen Seite ist das Benedictus der Missa Nos autem gloriari zu sehen, einschließlich der korrekten Folio-Nummer) unter dem - zu der Zeit ganz neuen - Altarbaldachin im Petersdom; oben links und rechts Engel mit leerem Notenpapier in der blattäußeren Hand. Der linke Engel stützt sich auf eine Lyra, der rechte auf eine Gambe, unten Wappen Pauls V. von vier Engeln umgeben.</subfield>
      <subfield code="a">Benutzungsspuren, wenn überhaupt, nur sehr schwach zu erkennen, möglicherweise modern. Leicht stockfleckig, z.T. leicht bräunlich verfärbt. Erhaltungszustand sehr gut.</subfield>
      <subfield code="a">1. A-Z (= I-XXIII), Aa-Zz (= XXIIII-XXXXVI), Aaa-Zzz (= XXXXVII-LXIX), Aaaa-Yyyy (= LXX-LXXXXI), originale Blattzählung nach Buchstaben, eingedruckt unten rechts (vgl. fol. LXXXXIv).</subfield>
      <subfield code="a">14 Fünfliniensysteme</subfield>
      <subfield code="a">Rom: Giovanni Battista Robledo</subfield>
    </datafield>
    <datafield tag="563" ind1=" " ind2=" ">
      <subfield code="a">Dicke Pappe mit hellgelbem Pergament bezogen, blank. Verschluß durch zweimal zwei rote und gelbe Stoffbänder oben und unten an der Seite, weitgehend intakt (das obere gelbe Band ist zerrissen und nicht mehr bindbar). Sehr fleckig, abgestoßen, wurmstichig, an den Ecken löst sich das Pergament in Fetzen und der Rücken ist fast völlig zerstört; Bindung im fortgeschrittenen Zustand der Auflösung. Zustand insgesamt sehr mäßig. Stimmt mit anderen Einbänden aus der Mitte des 17. Jahrhunderts überein (CS ??-??) - vielleicht aber auch erst bei der Neubindung 1721 gemacht.</subfield>
      <subfield code="8">01</subfield>
    </datafield>
    <datafield tag="593" ind1=" " ind2=" ">
      <subfield code="a">Print</subfield>
      <subfield code="8">01</subfield>
    </datafield>
    <datafield tag="650" ind1=" " ind2=" ">
      <subfield code="a">Missarum liber primus</subfield>
    </datafield>
    <datafield tag="691" ind1=" " ind2=" ">
      <subfield code="a">RISM S3982</subfield>
    </datafield>
    <datafield tag="691" ind1=" " ind2=" ">
      <subfield code="a">HaberlV 1888</subfield>
      <subfield code="n">p. 27</subfield>
      <subfield code="0">3122</subfield>
    </datafield>
    <datafield tag="691" ind1=" " ind2=" ">
      <subfield code="a">LlorensS 1960</subfield>
      <subfield code="n">p. 130f.</subfield>
      <subfield code="0">144</subfield>
    </datafield>
    <datafield tag="691" ind1=" " ind2=" ">
      <subfield code="a">PanuzziL 1687</subfield>
      <subfield code="n">150</subfield>
      <subfield code="0">41001975</subfield>
    </datafield>
    <datafield tag="691" ind1=" " ind2=" ">
      <subfield code="a">CeliL 1753</subfield>
      <subfield code="n">A075</subfield>
      <subfield code="0">41001973</subfield>
    </datafield>
    <datafield tag="691" ind1=" " ind2=" ">
      <subfield code="a">StoraceP 1813</subfield>
      <subfield code="n">A075</subfield>
      <subfield code="0">41001976</subfield>
    </datafield>
    <datafield tag="691" ind1=" " ind2=" ">
      <subfield code="a">SalvatiL 1863</subfield>
      <subfield code="n">075</subfield>
      <subfield code="0">41001978</subfield>
    </datafield>
    <datafield tag="700" ind1=" " ind2=" ">
      <subfield code="a">Paul V.</subfield>
      <subfield code="4">oth</subfield>
    </datafield>
    <datafield tag="700" ind1=" " ind2=" ">
      <subfield code="a">Roma: Giovanni Battista Robledo</subfield>
      <subfield code="4">oth</subfield>
    </datafield>
    <datafield tag="710" ind1=" " ind2=" ">
      <subfield code="a">Capella Sistina</subfield>
      <subfield code="0">51000666</subfield>
      <subfield code="4">evp</subfield>
    </datafield>
    <datafield tag="774" ind1=" " ind2=" ">
      <subfield code="w">85701091</subfield>
    </datafield>
    <datafield tag="774" ind1=" " ind2=" ">
      <subfield code="w">85701092</subfield>
    </datafield>
    <datafield tag="774" ind1=" " ind2=" ">
      <subfield code="w">85701093</subfield>
    </datafield>
    <datafield tag="774" ind1=" " ind2=" ">
      <subfield code="w">85701094</subfield>
    </datafield>
    <datafield tag="774" ind1=" " ind2=" ">
      <subfield code="w">85701095</subfield>
    </datafield>
    <datafield tag="774" ind1=" " ind2=" ">
      <subfield code="w">85701096</subfield>
    </datafield>
    <datafield tag="774" ind1=" " ind2=" ">
      <subfield code="w">85701097</subfield>
    </datafield>
    <datafield tag="774" ind1=" " ind2=" ">
      <subfield code="w">85701098</subfield>
    </datafield>
    <datafield tag="852" ind1=" " ind2=" ">
      <subfield code="a">V-CVbav</subfield>
      <subfield code="c">CS 75</subfield>
      <subfield code="d">150</subfield>
      <subfield code="d">075</subfield>
      <subfield code="d">A075</subfield>
      <subfield code="z">Fondo Cappella Sistina</subfield>
    </datafield>
  </record>