
    <record>
      <leader>00000ncd a2200000 u 4500</leader>
      <controlfield tag="001">85701092</controlfield>
      <datafield tag="031" ind1=" " ind2=" ">
        <subfield code="a">1</subfield>
        <subfield code="b">10</subfield>
        <subfield code="c">1</subfield>
        <subfield code="d">Missa Ad canones</subfield>
        <subfield code="t">Kyrie</subfield>
        <subfield code="m">ST|AB</subfield>
        <subfield code="q">composed by Soriano, Francesco</subfield>
        <subfield code="q">Kanonvorschriften: In Altus und Bassus "In Dyatesaron"für Kyrie, Gloria, Credo.</subfield>
      </datafield>
      <datafield tag="031" ind1=" " ind2=" ">
        <subfield code="a">1</subfield>
        <subfield code="b">20</subfield>
        <subfield code="c">1</subfield>
        <subfield code="d">Missa Ad canones</subfield>
        <subfield code="t">[Gloria] Et in terra</subfield>
        <subfield code="m">ST|AB</subfield>
        <subfield code="q">composed by Soriano, Francesco</subfield>
        <subfield code="q">Kanonvorschriften: In Altus und Bassus "In Dyatesaron" für Kyrie, Gloria, Credo.</subfield>
      </datafield>
      <datafield tag="031" ind1=" " ind2=" ">
        <subfield code="a">1</subfield>
        <subfield code="b">30</subfield>
        <subfield code="c">1</subfield>
        <subfield code="d">Missa Ad canones</subfield>
        <subfield code="t">[Credo] Patrem/Et resurrexit</subfield>
        <subfield code="m">ST|AB</subfield>
        <subfield code="q">composed by Soriano, Francesco</subfield>
        <subfield code="q">Kanonvorschriften: In Altus und Bassus "In Dyatesaron" für Kyrie, Gloria, Credo.</subfield>
      </datafield>
      <datafield tag="031" ind1=" " ind2=" ">
        <subfield code="a">1</subfield>
        <subfield code="b">40</subfield>
        <subfield code="c">1</subfield>
        <subfield code="d">Missa Ad canones</subfield>
        <subfield code="t">Sanctus</subfield>
        <subfield code="m">ST|AB</subfield>
        <subfield code="q">composed by Soriano, Francesco</subfield>
        <subfield code="q">Kanonvorschriften: In Altus und Bassus "In Dyatesaron" für Sanctus und Pleni. Für das Benedictus in Cantus und Tenor "Ad Unisonum" und für das Osanna im Cantus "In sub Dyapenthe" im Tenor "Bassus. In sub Dyapenthe".</subfield>
      </datafield>
      <datafield tag="031" ind1=" " ind2=" ">
        <subfield code="a">1</subfield>
        <subfield code="b">51</subfield>
        <subfield code="c">1</subfield>
        <subfield code="d">Missa Ad canones</subfield>
        <subfield code="t">Agnus Dei</subfield>
        <subfield code="m">ST|AT2B</subfield>
        <subfield code="q">composed by Soriano, Francesco</subfield>
        <subfield code="q">Kanonvorschriften: In Bassus "Tenor Secund. In Dyatesaron". Der Altus singt im ersten Agnus Dei den Hymnus "Iste Confessor" in Festis Duplicibus, LA 1897, p. 454.</subfield>
      </datafield>
      <datafield tag="031" ind1=" " ind2=" ">
        <subfield code="a">1</subfield>
        <subfield code="b">52</subfield>
        <subfield code="c">1</subfield>
        <subfield code="d">Missa Ad canones</subfield>
        <subfield code="t">Agnus Dei [dona nobis pacem]</subfield>
        <subfield code="m">STA2|AB</subfield>
        <subfield code="q">composed by Soriano, Francesco</subfield>
        <subfield code="q">Kanonvorschriften: "Agnus Secundus. Tenor supra Bass. In Dyatesaron." und entsprechend dazu in Bassus:"Tenor. In Dyatesaron".</subfield>
      </datafield>
      <datafield tag="100" ind1=" " ind2=" ">
        <subfield code="a">Soriano, Francesco</subfield>
      </datafield>
      <datafield tag="240" ind1=" " ind2=" ">
        <subfield code="a">Missa Ad canones</subfield>
        <subfield code="m">V (6)</subfield>
      </datafield>
      <datafield tag="245" ind1=" " ind2=" ">
        <subfield code="a">Missa ad canones</subfield>
      </datafield>
      <datafield tag="300" ind1=" " ind2=" ">
        <subfield code="a">Choirbook, fol. XIv-XVr</subfield>
        <subfield code="8">01</subfield>
      </datafield>
      <datafield tag="500" ind1=" " ind2=" ">
        <subfield code="a"/>
        <subfield code="a">Textnachweis: Ordinarium missae</subfield>
        <subfield code="a">Titel im Index: Missa ad canones</subfield>
        <subfield code="a">Komponist im Index: Francisci Suriani</subfield>
        <subfield code="a">Ordinarium missae</subfield>
        <subfield code="a">Soriano, Francesco</subfield>
        <subfield code="a">Missa Ad canones</subfield>
        <subfield code="a">Francisci Suriani</subfield>
      </datafield>
      <datafield tag="730" ind1=" " ind2=" ">
        <subfield code="a">Missa Ad canones</subfield>
      </datafield>
      <datafield tag="730" ind1=" " ind2=" ">
        <subfield code="a">Missa ad canones</subfield>
      </datafield>
      <datafield tag="730" ind1=" " ind2=" ">
        <subfield code="a">Messe</subfield>
      </datafield>
      <datafield tag="773" ind1=" " ind2=" ">
        <subfield code="w">85700005</subfield>
      </datafield>
      <datafield tag="852" ind1=" " ind2=" ">
        <subfield code="a">V-CVbav</subfield>
        <subfield code="c">CS 75</subfield>
        <subfield code="z">Fondo Cappella Sistina</subfield>
      </datafield>
      <datafield tag="593" ind1=" " ind2=" ">
        <subfield code="a">Print</subfield>
        <subfield code="8">01</subfield>
      </datafield>
      <datafield tag="594" ind1=" " ind2=" ">
        <subfield code="b">S</subfield>
        <subfield code="c">1</subfield>
      </datafield>
      <datafield tag="594" ind1=" " ind2=" ">
        <subfield code="b">T</subfield>
        <subfield code="c">2</subfield>
      </datafield>
      <datafield tag="594" ind1=" " ind2=" ">
        <subfield code="b">A</subfield>
        <subfield code="c">2</subfield>
      </datafield>
      <datafield tag="594" ind1=" " ind2=" ">
        <subfield code="b">B</subfield>
        <subfield code="c">1</subfield>
      </datafield>
    </record>