
    <record>
      <leader>00000ncd a2200000 u 4500</leader>
      <controlfield tag="001">85701093</controlfield>
      <datafield tag="031" ind1=" " ind2=" ">
        <subfield code="a">1</subfield>
        <subfield code="b">10</subfield>
        <subfield code="c">1</subfield>
        <subfield code="d">Missa sine titulo</subfield>
        <subfield code="t">Kyrie</subfield>
        <subfield code="m">STT2+|AB</subfield>
        <subfield code="q">composed by Soriano, Francesco</subfield>
      </datafield>
      <datafield tag="031" ind1=" " ind2=" ">
        <subfield code="a">1</subfield>
        <subfield code="b">21</subfield>
        <subfield code="c">1</subfield>
        <subfield code="d">Missa sine titulo</subfield>
        <subfield code="t">[Gloria] Et in terra</subfield>
        <subfield code="m">STT2+|AB</subfield>
        <subfield code="q">composed by Soriano, Francesco</subfield>
      </datafield>
      <datafield tag="031" ind1=" " ind2=" ">
        <subfield code="a">1</subfield>
        <subfield code="b">22</subfield>
        <subfield code="c">1</subfield>
        <subfield code="d">Missa sine titulo</subfield>
        <subfield code="t">Domine fili</subfield>
        <subfield code="m">ST|AT2</subfield>
        <subfield code="q">composed by Soriano, Francesco</subfield>
      </datafield>
      <datafield tag="031" ind1=" " ind2=" ">
        <subfield code="a">1</subfield>
        <subfield code="b">23</subfield>
        <subfield code="c">1</subfield>
        <subfield code="d">Missa sine titulo</subfield>
        <subfield code="t">Qui tollis</subfield>
        <subfield code="m">STT2+|AB</subfield>
        <subfield code="q">composed by Soriano, Francesco</subfield>
      </datafield>
      <datafield tag="031" ind1=" " ind2=" ">
        <subfield code="a">1</subfield>
        <subfield code="b">31</subfield>
        <subfield code="c">1</subfield>
        <subfield code="d">Missa sine titulo</subfield>
        <subfield code="t">[Credo] Patrem</subfield>
        <subfield code="m">ST|ABT2</subfield>
        <subfield code="q">composed by Soriano, Francesco</subfield>
      </datafield>
      <datafield tag="031" ind1=" " ind2=" ">
        <subfield code="a">1</subfield>
        <subfield code="b">32</subfield>
        <subfield code="c">1</subfield>
        <subfield code="d">Missa sine titulo</subfield>
        <subfield code="t">Crucifixus/Et iterum</subfield>
        <subfield code="m">ST|AB</subfield>
        <subfield code="q">composed by Soriano, Francesco</subfield>
      </datafield>
      <datafield tag="031" ind1=" " ind2=" ">
        <subfield code="a">1</subfield>
        <subfield code="b">33</subfield>
        <subfield code="c">1</subfield>
        <subfield code="d">Missa sine titulo</subfield>
        <subfield code="t">Et in spiritum</subfield>
        <subfield code="m">STT2+|AB</subfield>
        <subfield code="q">composed by Soriano, Francesco</subfield>
      </datafield>
      <datafield tag="031" ind1=" " ind2=" ">
        <subfield code="a">1</subfield>
        <subfield code="b">41</subfield>
        <subfield code="c">1</subfield>
        <subfield code="d">Missa sine titulo</subfield>
        <subfield code="t">Sanctus/Pleni/Osanna</subfield>
        <subfield code="m">STT2+|AB</subfield>
        <subfield code="q">composed by Soriano, Francesco</subfield>
      </datafield>
      <datafield tag="031" ind1=" " ind2=" ">
        <subfield code="a">1</subfield>
        <subfield code="b">42</subfield>
        <subfield code="c">1</subfield>
        <subfield code="d">Missa sine titulo</subfield>
        <subfield code="t">Benedictus</subfield>
        <subfield code="m">ST|AT2</subfield>
        <subfield code="q">composed by Soriano, Francesco</subfield>
      </datafield>
      <datafield tag="031" ind1=" " ind2=" ">
        <subfield code="a">1</subfield>
        <subfield code="b">50</subfield>
        <subfield code="c">1</subfield>
        <subfield code="d">Missa sine titulo</subfield>
        <subfield code="t">Agnus Dei</subfield>
        <subfield code="m">STT2+|AB</subfield>
        <subfield code="q">composed by Soriano, Francesco</subfield>
        <subfield code="q">Für das zweite Agnus Dei steht die Anmerkung hinter den Stimmen "Agnus ut supra".</subfield>
      </datafield>
      <datafield tag="100" ind1=" " ind2=" ">
        <subfield code="a">Soriano, Francesco</subfield>
      </datafield>
      <datafield tag="240" ind1=" " ind2=" ">
        <subfield code="a">Missa sine titulo</subfield>
        <subfield code="m">V (5)</subfield>
      </datafield>
      <datafield tag="245" ind1=" " ind2=" ">
        <subfield code="a">Missa sine titulo</subfield>
      </datafield>
      <datafield tag="300" ind1=" " ind2=" ">
        <subfield code="a">Choirbook, fol. XVv-XXVIIr</subfield>
        <subfield code="8">01</subfield>
      </datafield>
      <datafield tag="500" ind1=" " ind2=" ">
        <subfield code="a"/>
        <subfield code="a">Textnachweis: Ordinarium missae</subfield>
        <subfield code="a">Titel im Index: Missa sine titulo</subfield>
        <subfield code="a">Komponist im Index: Francisci Suriani</subfield>
        <subfield code="a">Ordinarium missae</subfield>
        <subfield code="a">Soriano, Francesco</subfield>
        <subfield code="a">Missa sine titulo</subfield>
        <subfield code="a">Francisci Suriani</subfield>
      </datafield>
      <datafield tag="730" ind1=" " ind2=" ">
        <subfield code="a">Missa sine titulo</subfield>
      </datafield>
      <datafield tag="730" ind1=" " ind2=" ">
        <subfield code="a">Missa sine titulo</subfield>
      </datafield>
      <datafield tag="730" ind1=" " ind2=" ">
        <subfield code="a">Messe</subfield>
      </datafield>
      <datafield tag="773" ind1=" " ind2=" ">
        <subfield code="w">85700005</subfield>
      </datafield>
      <datafield tag="852" ind1=" " ind2=" ">
        <subfield code="a">V-CVbav</subfield>
        <subfield code="c">CS 75</subfield>
        <subfield code="z">Fondo Cappella Sistina</subfield>
      </datafield>
      <datafield tag="593" ind1=" " ind2=" ">
        <subfield code="a">Print</subfield>
        <subfield code="8">01</subfield>
      </datafield>
      <datafield tag="594" ind1=" " ind2=" ">
        <subfield code="b">S</subfield>
        <subfield code="c">1</subfield>
      </datafield>
      <datafield tag="594" ind1=" " ind2=" ">
        <subfield code="b">T</subfield>
        <subfield code="c">2</subfield>
      </datafield>
      <datafield tag="594" ind1=" " ind2=" ">
        <subfield code="b">A</subfield>
        <subfield code="c">1</subfield>
      </datafield>
      <datafield tag="594" ind1=" " ind2=" ">
        <subfield code="b">B</subfield>
        <subfield code="c">1</subfield>
      </datafield>
    </record>