
    <record>
      <leader>00000ncd a2200000 u 4500</leader>
      <controlfield tag="001">85701097</controlfield>
      <datafield tag="031" ind1=" " ind2=" ">
        <subfield code="a">1</subfield>
        <subfield code="b">10</subfield>
        <subfield code="c">1</subfield>
        <subfield code="d">Missa super voces musicales</subfield>
        <subfield code="t">Kyrie</subfield>
        <subfield code="m">STT2|S2AB</subfield>
        <subfield code="q">composed by Soriano, Francesco</subfield>
      </datafield>
      <datafield tag="031" ind1=" " ind2=" ">
        <subfield code="a">1</subfield>
        <subfield code="b">20</subfield>
        <subfield code="c">1</subfield>
        <subfield code="d">Missa super voces musicales</subfield>
        <subfield code="t">[Gloria] Et in terra</subfield>
        <subfield code="m">STT2|S2AB</subfield>
        <subfield code="q">composed by Soriano, Francesco</subfield>
      </datafield>
      <datafield tag="031" ind1=" " ind2=" ">
        <subfield code="a">1</subfield>
        <subfield code="b">31</subfield>
        <subfield code="c">1</subfield>
        <subfield code="d">Missa super voces musicales</subfield>
        <subfield code="t">[Credo] Patrem</subfield>
        <subfield code="m">STT2|S2AB</subfield>
        <subfield code="q">composed by Soriano, Francesco</subfield>
      </datafield>
      <datafield tag="031" ind1=" " ind2=" ">
        <subfield code="a">1</subfield>
        <subfield code="b">32</subfield>
        <subfield code="c">1</subfield>
        <subfield code="d">Missa super voces musicales</subfield>
        <subfield code="t">Crucifixus</subfield>
        <subfield code="m">ST|AB</subfield>
        <subfield code="q">composed by Soriano, Francesco</subfield>
      </datafield>
      <datafield tag="031" ind1=" " ind2=" ">
        <subfield code="a">1</subfield>
        <subfield code="b">33</subfield>
        <subfield code="c">1</subfield>
        <subfield code="d">Missa super voces musicales</subfield>
        <subfield code="t">Et in spiritum</subfield>
        <subfield code="m">STT2|S2AB</subfield>
        <subfield code="q">composed by Soriano, Francesco</subfield>
      </datafield>
      <datafield tag="031" ind1=" " ind2=" ">
        <subfield code="a">1</subfield>
        <subfield code="b">41</subfield>
        <subfield code="c">1</subfield>
        <subfield code="d">Missa super voces musicales</subfield>
        <subfield code="t">Sanctus</subfield>
        <subfield code="m">STT2|S2AB</subfield>
        <subfield code="q">composed by Soriano, Francesco</subfield>
      </datafield>
      <datafield tag="031" ind1=" " ind2=" ">
        <subfield code="a">1</subfield>
        <subfield code="b">42</subfield>
        <subfield code="c">1</subfield>
        <subfield code="d">Missa super voces musicales</subfield>
        <subfield code="t">Benedictus</subfield>
        <subfield code="m">ST|AB</subfield>
        <subfield code="q">composed by Soriano, Francesco</subfield>
      </datafield>
      <datafield tag="031" ind1=" " ind2=" ">
        <subfield code="a">1</subfield>
        <subfield code="b">51</subfield>
        <subfield code="c">1</subfield>
        <subfield code="d">Missa super voces musicales</subfield>
        <subfield code="t">Agnus Dei</subfield>
        <subfield code="m">STT2|S2AB</subfield>
        <subfield code="q">composed by Soriano, Francesco</subfield>
      </datafield>
      <datafield tag="031" ind1=" " ind2=" ">
        <subfield code="a">1</subfield>
        <subfield code="b">52</subfield>
        <subfield code="c">1</subfield>
        <subfield code="d">Missa super voces musicales</subfield>
        <subfield code="t">Agnus Dei [dona nobis pacem]</subfield>
        <subfield code="m">SATB|S2A2T2B2</subfield>
        <subfield code="q">composed by Soriano, Francesco</subfield>
        <subfield code="q">Im Tenor Kanonvorschrift:"CANON. IUSTITIA ET PAX OSCULATAE SUNT."</subfield>
      </datafield>
      <datafield tag="100" ind1=" " ind2=" ">
        <subfield code="a">Soriano, Francesco</subfield>
      </datafield>
      <datafield tag="240" ind1=" " ind2=" ">
        <subfield code="a">Missa super voces musicales</subfield>
        <subfield code="m">V (8)</subfield>
      </datafield>
      <datafield tag="245" ind1=" " ind2=" ">
        <subfield code="a">Missa super voces musicales</subfield>
      </datafield>
      <datafield tag="300" ind1=" " ind2=" ">
        <subfield code="a">Choirbook, fol. LXIVv-LXXVIIr</subfield>
        <subfield code="8">01</subfield>
      </datafield>
      <datafield tag="500" ind1=" " ind2=" ">
        <subfield code="a"/>
        <subfield code="a">Textnachweis: Ordinarium missae</subfield>
        <subfield code="a">Titel im Index: Missa super voces musicales</subfield>
        <subfield code="a">Komponist im Index: Francisci Suriani</subfield>
        <subfield code="a">Ordinarium missae</subfield>
        <subfield code="a">Soriano, Francesco</subfield>
        <subfield code="a">Missa super voces musicales</subfield>
        <subfield code="a">Francisci Suriani</subfield>
      </datafield>
      <datafield tag="730" ind1=" " ind2=" ">
        <subfield code="a">Missa super voces musicales</subfield>
      </datafield>
      <datafield tag="730" ind1=" " ind2=" ">
        <subfield code="a">Missa super voces musicales</subfield>
      </datafield>
      <datafield tag="730" ind1=" " ind2=" ">
        <subfield code="a">Messe</subfield>
      </datafield>
      <datafield tag="773" ind1=" " ind2=" ">
        <subfield code="w">85700005</subfield>
      </datafield>
      <datafield tag="852" ind1=" " ind2=" ">
        <subfield code="a">V-CVbav</subfield>
        <subfield code="c">CS 75</subfield>
        <subfield code="z">Fondo Cappella Sistina</subfield>
      </datafield>
      <datafield tag="593" ind1=" " ind2=" ">
        <subfield code="a">Print</subfield>
        <subfield code="8">01</subfield>
      </datafield>
      <datafield tag="594" ind1=" " ind2=" ">
        <subfield code="b">S</subfield>
        <subfield code="c">2</subfield>
      </datafield>
      <datafield tag="594" ind1=" " ind2=" ">
        <subfield code="b">T</subfield>
        <subfield code="c">2</subfield>
      </datafield>
      <datafield tag="594" ind1=" " ind2=" ">
        <subfield code="b">A</subfield>
        <subfield code="c">2</subfield>
      </datafield>
      <datafield tag="594" ind1=" " ind2=" ">
        <subfield code="b">B</subfield>
        <subfield code="c">2</subfield>
      </datafield>
    </record>