
  </content>
  <record>
    <leader>00000ncc a2200000 u 4500</leader>
    <controlfield tag="001">85700006</controlfield>
    <datafield tag="041" ind1=" " ind2=" ">
      <subfield code="a">lat</subfield>
    </datafield>
    <datafield tag="100" ind1=" " ind2=" ">
      <subfield code="a">Vincenzo Pellegrini</subfield>
    </datafield>
    <datafield tag="130" ind1=" " ind2=" ">
      <subfield code="a">Sacred songs</subfield>
    </datafield>
    <datafield tag="245" ind1=" " ind2=" ">
      <subfield code="a">SANCTISSIMO DOMINO NOSTRO | CLEMENTI OCTAVO | PONT. OPT. MAX. | VINCENTII PELLEGRINI PISAVREN. | CANONICI | MISSARVM LIBER PRIMUS. | Impressum in Coenobio sancti Spiritus Venetiarum. M. D CIIII. | Superiorum permissu.</subfield>
    </datafield>
    <datafield tag="260" ind1=" " ind2=" ">
      <subfield code="a">Venedig</subfield>
      <subfield code="b">Venezia: Cenobio</subfield>
      <subfield code="c">1604</subfield>
      <subfield code="8">01</subfield>
    </datafield>
    <datafield tag="300" ind1=" " ind2=" ">
      <subfield code="a">1 choirbook: 91f.</subfield>
      <subfield code="b">Papier</subfield>
      <subfield code="c">538x392</subfield>
      <subfield code="8">01</subfield>
    </datafield>
    <datafield tag="500" ind1=" " ind2=" ">
      <subfield code="a">Aktuelle Lagenstrukturen: f01, f02, IV5 ... IV85, f06; original bei erster Bindung (?)</subfield>
      <subfield code="8">01</subfield>
    </datafield>
    <datafield tag="500" ind1=" " ind2=" ">
      <subfield code="a"/>
      <subfield code="a">SANCTISSIMO DOMINO NOSTRO / CLEMENTI OCTAVO / PONT. OPT. MAX. / VINCENTII PELLEGRINI PISAVREN. / CANONICI / MISSARVM LIBER PRIMUS. / Impressum in Coenobio sancti Spiritus Venetiarum. M. D CIIII. / Superiorum permissu.</subfield>
      <subfield code="a">Aktuelle Blattzählung: [01-05] I-LXXXV [06], röm. original, eingedruckt oben rechts</subfield>
      <subfield code="a">Notation: weiß mensural</subfield>
      <subfield code="a">Signatur: fol. 04r, unten Mitte Blei groß: "151" (Panuzzi), fol. 02r unten Mitte röm. Zahl "II" mit Kugelschreiber oder blauer Tinte eingetragen (modern). Nicht sicher, ob je daraus gesungen (hohe Pan-Nr., "ortsfremdes" Repertoire), vielleicht nur Geschenk von Clemens VIII. an seine Kapelle, d.h. Überlassung des Widmungsexemplares.</subfield>
      <subfield code="a">Dekoration: Holzschnitt-Frontispiz mit Bildnis Clemens' VIII.</subfield>
      <subfield code="a">Abnutzungsspuren unten rechts, z.T. leicht stockfleckig, wurden bei den ersten 24 Folia teilweise überklebt. Fol.  LXIII ist unten eingerissen. Zustand insgesamt befriedigend.</subfield>
      <subfield code="a">12 Fünfliniensysteme</subfield>
      <subfield code="a">Venedig: Cenobio di Santo Spirito</subfield>
    </datafield>
    <datafield tag="563" ind1=" " ind2=" ">
      <subfield code="a">Dicke Pappe mit hellgelbem Pergament bezogen, blank. Verschluß durch zweimal zwei rote Stoffbänder oben und unten an der Seite. Ziemlich fleckig, abgestoßen, wurmstichig, an den Ecken löst sich das Pergament in Fetzen und der Rücken ist brüchig, streckenweise zerstört; Bindung beginnt sich aufzulösen. Zustand insgesamt noch befriedigend. Stimmt mit anderen Einbänden aus der Mitte des 17. Jahrhunderts überein (CS ??-??) - vielleicht aber auch erst bei der Neubindung 1721 gemacht.</subfield>
      <subfield code="8">01</subfield>
    </datafield>
    <datafield tag="593" ind1=" " ind2=" ">
      <subfield code="a">Print</subfield>
      <subfield code="8">01</subfield>
    </datafield>
    <datafield tag="650" ind1=" " ind2=" ">
      <subfield code="a">Missarum liber primus</subfield>
    </datafield>
    <datafield tag="691" ind1=" " ind2=" ">
      <subfield code="a">RISM P1178</subfield>
    </datafield>
    <datafield tag="691" ind1=" " ind2=" ">
      <subfield code="a">HaberlV 1888</subfield>
      <subfield code="n">p. 29</subfield>
      <subfield code="0">3122</subfield>
    </datafield>
    <datafield tag="691" ind1=" " ind2=" ">
      <subfield code="a">LlorensS 1960</subfield>
      <subfield code="n">p. 134f.</subfield>
      <subfield code="0">144</subfield>
    </datafield>
    <datafield tag="691" ind1=" " ind2=" ">
      <subfield code="a">PanuzziL 1687</subfield>
      <subfield code="n">151</subfield>
      <subfield code="0">41001975</subfield>
    </datafield>
    <datafield tag="691" ind1=" " ind2=" ">
      <subfield code="a">CeliL 1753</subfield>
      <subfield code="n">A079</subfield>
      <subfield code="0">41001973</subfield>
    </datafield>
    <datafield tag="691" ind1=" " ind2=" ">
      <subfield code="a">StoraceP 1813</subfield>
      <subfield code="n">A079</subfield>
      <subfield code="0">41001976</subfield>
    </datafield>
    <datafield tag="691" ind1=" " ind2=" ">
      <subfield code="a">SalvatiL 1863</subfield>
      <subfield code="n">079</subfield>
      <subfield code="0">41001978</subfield>
    </datafield>
    <datafield tag="700" ind1=" " ind2=" ">
      <subfield code="a">Clemens VIII.</subfield>
      <subfield code="4">oth</subfield>
    </datafield>
    <datafield tag="700" ind1=" " ind2=" ">
      <subfield code="a">Venezia: Cenobio</subfield>
      <subfield code="4">oth</subfield>
    </datafield>
    <datafield tag="710" ind1=" " ind2=" ">
      <subfield code="a">Capella Sistina</subfield>
      <subfield code="0">51000666</subfield>
      <subfield code="4">evp</subfield>
    </datafield>
    <datafield tag="774" ind1=" " ind2=" ">
      <subfield code="w">85701099</subfield>
    </datafield>
    <datafield tag="774" ind1=" " ind2=" ">
      <subfield code="w">85701100</subfield>
    </datafield>
    <datafield tag="774" ind1=" " ind2=" ">
      <subfield code="w">85701101</subfield>
    </datafield>
    <datafield tag="774" ind1=" " ind2=" ">
      <subfield code="w">85701102</subfield>
    </datafield>
    <datafield tag="774" ind1=" " ind2=" ">
      <subfield code="w">85701103</subfield>
    </datafield>
    <datafield tag="774" ind1=" " ind2=" ">
      <subfield code="w">85701104</subfield>
    </datafield>
    <datafield tag="774" ind1=" " ind2=" ">
      <subfield code="w">85701105</subfield>
    </datafield>
    <datafield tag="774" ind1=" " ind2=" ">
      <subfield code="w">85701106</subfield>
    </datafield>
    <datafield tag="852" ind1=" " ind2=" ">
      <subfield code="a">V-CVbav</subfield>
      <subfield code="c">CS 79</subfield>
      <subfield code="d">151</subfield>
      <subfield code="d">079</subfield>
      <subfield code="d">A079</subfield>
      <subfield code="z">Fondo Cappella Sistina</subfield>
    </datafield>
  </record>