
  <content>
    <record>
      <leader>00000ncd a2200000 u 4500</leader>
      <controlfield tag="001">85701099</controlfield>
      <datafield tag="031" ind1=" " ind2=" ">
        <subfield code="a">1</subfield>
        <subfield code="b">10</subfield>
        <subfield code="c">1</subfield>
        <subfield code="d">Missa Ave Regina coelorum</subfield>
        <subfield code="t">Kyrie</subfield>
        <subfield code="m">ST|AB</subfield>
        <subfield code="q">composed by Pellegrini, Vincenzo</subfield>
      </datafield>
      <datafield tag="031" ind1=" " ind2=" ">
        <subfield code="a">1</subfield>
        <subfield code="b">20</subfield>
        <subfield code="c">1</subfield>
        <subfield code="d">Missa Ave Regina coelorum</subfield>
        <subfield code="t">[Gloria] Et in terra</subfield>
        <subfield code="m">ST|AB</subfield>
        <subfield code="q">composed by Pellegrini, Vincenzo</subfield>
      </datafield>
      <datafield tag="031" ind1=" " ind2=" ">
        <subfield code="a">1</subfield>
        <subfield code="b">31</subfield>
        <subfield code="c">1</subfield>
        <subfield code="d">Missa Ave Regina coelorum</subfield>
        <subfield code="t">[Credo] Patrem</subfield>
        <subfield code="m">ST|AB</subfield>
        <subfield code="q">composed by Pellegrini, Vincenzo</subfield>
      </datafield>
      <datafield tag="031" ind1=" " ind2=" ">
        <subfield code="a">1</subfield>
        <subfield code="b">32</subfield>
        <subfield code="c">1</subfield>
        <subfield code="d">Missa Ave Regina coelorum</subfield>
        <subfield code="t">Crucifixus</subfield>
        <subfield code="m">T|AB</subfield>
        <subfield code="q">composed by Pellegrini, Vincenzo</subfield>
        <subfield code="q">Crucifixus cum tribus vocis. Si placet. Cantus tacet.</subfield>
      </datafield>
      <datafield tag="031" ind1=" " ind2=" ">
        <subfield code="a">1</subfield>
        <subfield code="b">33</subfield>
        <subfield code="c">1</subfield>
        <subfield code="d">Missa Ave Regina coelorum</subfield>
        <subfield code="t">Crucifixus</subfield>
        <subfield code="m">ST|AB</subfield>
        <subfield code="q">composed by Pellegrini, Vincenzo</subfield>
        <subfield code="q">Vierstimmige Alternativfassung zum vorhergehenden Crucifixus.</subfield>
      </datafield>
      <datafield tag="031" ind1=" " ind2=" ">
        <subfield code="a">1</subfield>
        <subfield code="b">34</subfield>
        <subfield code="c">1</subfield>
        <subfield code="d">Missa Ave Regina coelorum</subfield>
        <subfield code="t">Et resurrexit</subfield>
        <subfield code="m">ST|AB</subfield>
        <subfield code="q">composed by Pellegrini, Vincenzo</subfield>
      </datafield>
      <datafield tag="031" ind1=" " ind2=" ">
        <subfield code="a">1</subfield>
        <subfield code="b">41</subfield>
        <subfield code="c">1</subfield>
        <subfield code="d">Missa Ave Regina coelorum</subfield>
        <subfield code="t">Sanctus</subfield>
        <subfield code="m">ST|AB</subfield>
        <subfield code="q">composed by Pellegrini, Vincenzo</subfield>
      </datafield>
      <datafield tag="031" ind1=" " ind2=" ">
        <subfield code="a">1</subfield>
        <subfield code="b">42</subfield>
        <subfield code="c">1</subfield>
        <subfield code="d">Missa Ave Regina coelorum</subfield>
        <subfield code="t">Benedictus</subfield>
        <subfield code="m">ST|A(S2)</subfield>
        <subfield code="q">composed by Pellegrini, Vincenzo</subfield>
        <subfield code="q">Im Cantus:"Canon in subdiapason. Cum trib. voc., in Tenor:"cum trib. voc. Resolutio", in Altus:"cum tribus vocibus" und in Basslesefeld Cantus 2:"Quarta pars Si placet."</subfield>
      </datafield>
      <datafield tag="031" ind1=" " ind2=" ">
        <subfield code="a">1</subfield>
        <subfield code="b">43</subfield>
        <subfield code="c">1</subfield>
        <subfield code="d">Missa Ave Regina coelorum</subfield>
        <subfield code="t">Osanna</subfield>
        <subfield code="m">ST|AB</subfield>
        <subfield code="q">composed by Pellegrini, Vincenzo</subfield>
      </datafield>
      <datafield tag="031" ind1=" " ind2=" ">
        <subfield code="a">1</subfield>
        <subfield code="b">51</subfield>
        <subfield code="c">1</subfield>
        <subfield code="d">Missa Ave Regina coelorum</subfield>
        <subfield code="t">Agnus Dei</subfield>
        <subfield code="m">ST|AB</subfield>
        <subfield code="q">composed by Pellegrini, Vincenzo</subfield>
      </datafield>
      <datafield tag="031" ind1=" " ind2=" ">
        <subfield code="a">1</subfield>
        <subfield code="b">52</subfield>
        <subfield code="c">1</subfield>
        <subfield code="d">Missa Ave Regina coelorum</subfield>
        <subfield code="t">Agnus Dei [dona nobis pacem]</subfield>
        <subfield code="m">S(S2)T|AB(B2)</subfield>
        <subfield code="q">composed by Pellegrini, Vincenzo</subfield>
        <subfield code="q">Im Cantus:"Sex voc. Canon Duo in unum", im Bassus: "Sex voc. Canon Duo in unum". </subfield>
      </datafield>
      <datafield tag="100" ind1=" " ind2=" ">
        <subfield code="a">Pellegrini, Vincenzo</subfield>
      </datafield>
      <datafield tag="240" ind1=" " ind2=" ">
        <subfield code="a">Missa Ave Regina coelorum</subfield>
        <subfield code="m">V (6)</subfield>
      </datafield>
      <datafield tag="245" ind1=" " ind2=" ">
        <subfield code="a">Missa Ave Regina Caelorum</subfield>
      </datafield>
      <datafield tag="300" ind1=" " ind2=" ">
        <subfield code="a">Choirbook, fol. 05v-9r</subfield>
        <subfield code="8">01</subfield>
      </datafield>
      <datafield tag="500" ind1=" " ind2=" ">
        <subfield code="a"/>
        <subfield code="a">Textnachweis: Ordinarium missae</subfield>
        <subfield code="a">Titel im Index: Missa Ave Regina Caelorum</subfield>
        <subfield code="a">Komponist im Index: Vincentius Pellegrinus Canonicus</subfield>
        <subfield code="a">Ordinarium missae</subfield>
        <subfield code="a">Pellegrini, Vincenzo</subfield>
        <subfield code="a">Missa Ave Regina coelorum</subfield>
        <subfield code="a">Vincentius Pellegrinus Canonicus</subfield>
      </datafield>
      <datafield tag="730" ind1=" " ind2=" ">
        <subfield code="a">Missa Ave Regina coelorum</subfield>
      </datafield>
      <datafield tag="730" ind1=" " ind2=" ">
        <subfield code="a">Missa Ave Regina Caelorum</subfield>
      </datafield>
      <datafield tag="730" ind1=" " ind2=" ">
        <subfield code="a">Messe</subfield>
      </datafield>
      <datafield tag="773" ind1=" " ind2=" ">
        <subfield code="w">85700006</subfield>
      </datafield>
      <datafield tag="852" ind1=" " ind2=" ">
        <subfield code="a">V-CVbav</subfield>
        <subfield code="c">CS 79</subfield>
        <subfield code="z">Fondo Cappella Sistina</subfield>
      </datafield>
      <datafield tag="593" ind1=" " ind2=" ">
        <subfield code="a">Print</subfield>
        <subfield code="8">01</subfield>
      </datafield>
      <datafield tag="594" ind1=" " ind2=" ">
        <subfield code="b">S</subfield>
        <subfield code="c">2</subfield>
      </datafield>
      <datafield tag="594" ind1=" " ind2=" ">
        <subfield code="b">T</subfield>
        <subfield code="c">1</subfield>
      </datafield>
      <datafield tag="594" ind1=" " ind2=" ">
        <subfield code="b">A</subfield>
        <subfield code="c">1</subfield>
      </datafield>
      <datafield tag="594" ind1=" " ind2=" ">
        <subfield code="b">B</subfield>
        <subfield code="c">2</subfield>
      </datafield>
    </record>