
    <record>
      <leader>00000ncd a2200000 u 4500</leader>
      <controlfield tag="001">85701103</controlfield>
      <datafield tag="031" ind1=" " ind2=" ">
        <subfield code="a">1</subfield>
        <subfield code="b">1</subfield>
        <subfield code="c">1</subfield>
        <subfield code="d">Missa brevis</subfield>
        <subfield code="t">Kyrie</subfield>
        <subfield code="m">ST|AB</subfield>
        <subfield code="q">composed by Pellegrini, Vincenzo</subfield>
      </datafield>
      <datafield tag="031" ind1=" " ind2=" ">
        <subfield code="a">1</subfield>
        <subfield code="b">2</subfield>
        <subfield code="c">1</subfield>
        <subfield code="d">Missa brevis</subfield>
        <subfield code="t">[Gloria] Et in terra</subfield>
        <subfield code="m">ST|AB</subfield>
        <subfield code="q">composed by Pellegrini, Vincenzo</subfield>
      </datafield>
      <datafield tag="031" ind1=" " ind2=" ">
        <subfield code="a">1</subfield>
        <subfield code="b">3</subfield>
        <subfield code="c">1</subfield>
        <subfield code="d">Missa brevis</subfield>
        <subfield code="t">[Credo] Patrem</subfield>
        <subfield code="m">ST|AB</subfield>
        <subfield code="q">composed by Pellegrini, Vincenzo</subfield>
      </datafield>
      <datafield tag="031" ind1=" " ind2=" ">
        <subfield code="a">1</subfield>
        <subfield code="b">4</subfield>
        <subfield code="c">1</subfield>
        <subfield code="d">Missa brevis</subfield>
        <subfield code="t">Sanctus</subfield>
        <subfield code="m">ST|AB</subfield>
        <subfield code="q">composed by Pellegrini, Vincenzo</subfield>
      </datafield>
      <datafield tag="031" ind1=" " ind2=" ">
        <subfield code="a">1</subfield>
        <subfield code="b">5</subfield>
        <subfield code="c">1</subfield>
        <subfield code="d">Missa brevis</subfield>
        <subfield code="t">Agnus Dei</subfield>
        <subfield code="m">ST|AB</subfield>
        <subfield code="q">composed by Pellegrini, Vincenzo</subfield>
      </datafield>
      <datafield tag="100" ind1=" " ind2=" ">
        <subfield code="a">Pellegrini, Vincenzo</subfield>
      </datafield>
      <datafield tag="240" ind1=" " ind2=" ">
        <subfield code="a">Missa brevis</subfield>
        <subfield code="m">V (4)</subfield>
      </datafield>
      <datafield tag="245" ind1=" " ind2=" ">
        <subfield code="a">Missa Brevis</subfield>
      </datafield>
      <datafield tag="300" ind1=" " ind2=" ">
        <subfield code="a">Choirbook, fol. 35v-41r</subfield>
        <subfield code="8">01</subfield>
      </datafield>
      <datafield tag="500" ind1=" " ind2=" ">
        <subfield code="a"/>
        <subfield code="a">Textnachweis: Ordinarium missae</subfield>
        <subfield code="a">Titel im Index: Missa Brevis</subfield>
        <subfield code="a">Komponist im Index: Vincentius Pellegrinus Canonicus</subfield>
        <subfield code="a">Ordinarium missae</subfield>
        <subfield code="a">Pellegrini, Vincenzo</subfield>
        <subfield code="a">Missa brevis</subfield>
        <subfield code="a">Vincentius Pellegrinus Canonicus</subfield>
      </datafield>
      <datafield tag="730" ind1=" " ind2=" ">
        <subfield code="a">Missa brevis</subfield>
      </datafield>
      <datafield tag="730" ind1=" " ind2=" ">
        <subfield code="a">Missa Brevis</subfield>
      </datafield>
      <datafield tag="730" ind1=" " ind2=" ">
        <subfield code="a">Messe</subfield>
      </datafield>
      <datafield tag="773" ind1=" " ind2=" ">
        <subfield code="w">85700006</subfield>
      </datafield>
      <datafield tag="852" ind1=" " ind2=" ">
        <subfield code="a">V-CVbav</subfield>
        <subfield code="c">CS 79</subfield>
        <subfield code="z">Fondo Cappella Sistina</subfield>
      </datafield>
      <datafield tag="593" ind1=" " ind2=" ">
        <subfield code="a">Print</subfield>
        <subfield code="8">01</subfield>
      </datafield>
      <datafield tag="594" ind1=" " ind2=" ">
        <subfield code="b">S</subfield>
        <subfield code="c">1</subfield>
      </datafield>
      <datafield tag="594" ind1=" " ind2=" ">
        <subfield code="b">T</subfield>
        <subfield code="c">1</subfield>
      </datafield>
      <datafield tag="594" ind1=" " ind2=" ">
        <subfield code="b">A</subfield>
        <subfield code="c">1</subfield>
      </datafield>
      <datafield tag="594" ind1=" " ind2=" ">
        <subfield code="b">B</subfield>
        <subfield code="c">1</subfield>
      </datafield>
    </record>