
    <record>
      <leader>00000ncd a2200000 u 4500</leader>
      <controlfield tag="001">85701105</controlfield>
      <datafield tag="031" ind1=" " ind2=" ">
        <subfield code="a">1</subfield>
        <subfield code="b">11</subfield>
        <subfield code="c">1</subfield>
        <subfield code="d">Missa Quam pulchri sunt</subfield>
        <subfield code="t">Kyrie</subfield>
        <subfield code="m">SA2+T|AB</subfield>
        <subfield code="q">composed by Pellegrini, Vincenzo</subfield>
      </datafield>
      <datafield tag="031" ind1=" " ind2=" ">
        <subfield code="a">1</subfield>
        <subfield code="b">12</subfield>
        <subfield code="c">1</subfield>
        <subfield code="d">Missa Quam pulchri sunt</subfield>
        <subfield code="t">Christe</subfield>
        <subfield code="m">SA2T|A</subfield>
        <subfield code="q">composed by Pellegrini, Vincenzo</subfield>
        <subfield code="q">Vor allen Stimmen "Quat. voc.", bur vor Bassus:"Christe tacet".</subfield>
      </datafield>
      <datafield tag="031" ind1=" " ind2=" ">
        <subfield code="a">1</subfield>
        <subfield code="b">13</subfield>
        <subfield code="c">1</subfield>
        <subfield code="d">Missa Quam pulchri sunt</subfield>
        <subfield code="t">Kyrie</subfield>
        <subfield code="m">ST|AA2B</subfield>
        <subfield code="q">composed by Pellegrini, Vincenzo</subfield>
      </datafield>
      <datafield tag="031" ind1=" " ind2=" ">
        <subfield code="a">1</subfield>
        <subfield code="b">20</subfield>
        <subfield code="c">1</subfield>
        <subfield code="d">Missa Quam pulchri sunt</subfield>
        <subfield code="t">[Gloria] Et in terra</subfield>
        <subfield code="m">SA2+T|AB</subfield>
        <subfield code="q">composed by Pellegrini, Vincenzo</subfield>
      </datafield>
      <datafield tag="031" ind1=" " ind2=" ">
        <subfield code="a">1</subfield>
        <subfield code="b">31</subfield>
        <subfield code="c">1</subfield>
        <subfield code="d">Missa Quam pulchri sunt</subfield>
        <subfield code="t">[Credo] Patrem</subfield>
        <subfield code="m">SA2+T|AB</subfield>
        <subfield code="q">composed by Pellegrini, Vincenzo</subfield>
      </datafield>
      <datafield tag="031" ind1=" " ind2=" ">
        <subfield code="a">1</subfield>
        <subfield code="b">32</subfield>
        <subfield code="c">1</subfield>
        <subfield code="d">Missa Quam pulchri sunt</subfield>
        <subfield code="t">Crucifixus</subfield>
        <subfield code="m">SA2+T|AB</subfield>
        <subfield code="q">composed by Pellegrini, Vincenzo</subfield>
      </datafield>
      <datafield tag="031" ind1=" " ind2=" ">
        <subfield code="a">1</subfield>
        <subfield code="b">33</subfield>
        <subfield code="c">1</subfield>
        <subfield code="d">Missa Quam pulchri sunt</subfield>
        <subfield code="t">Et in spiritum</subfield>
        <subfield code="m">SA2+T|AB</subfield>
        <subfield code="q">composed by Pellegrini, Vincenzo</subfield>
      </datafield>
      <datafield tag="031" ind1=" " ind2=" ">
        <subfield code="a">1</subfield>
        <subfield code="b">41</subfield>
        <subfield code="c">1</subfield>
        <subfield code="d">Missa Quam pulchri sunt</subfield>
        <subfield code="t">Sanctus</subfield>
        <subfield code="m">SA2+T|AB</subfield>
        <subfield code="q">composed by Pellegrini, Vincenzo</subfield>
      </datafield>
      <datafield tag="031" ind1=" " ind2=" ">
        <subfield code="a">1</subfield>
        <subfield code="b">42</subfield>
        <subfield code="c">1</subfield>
        <subfield code="d">Missa Quam pulchri sunt</subfield>
        <subfield code="t">Pleni</subfield>
        <subfield code="m">ST|A</subfield>
        <subfield code="q">composed by Pellegrini, Vincenzo</subfield>
        <subfield code="q">Vor Cantus, Tenor und Altus:"Trib. voc.", in Quintus und Bassus "Pleni sunt tacet".</subfield>
      </datafield>
      <datafield tag="031" ind1=" " ind2=" ">
        <subfield code="a">1</subfield>
        <subfield code="b">43</subfield>
        <subfield code="c">1</subfield>
        <subfield code="d">Missa Quam pulchri sunt</subfield>
        <subfield code="t">Osanna</subfield>
        <subfield code="m">SA2+T|AB</subfield>
        <subfield code="q">composed by Pellegrini, Vincenzo</subfield>
      </datafield>
      <datafield tag="031" ind1=" " ind2=" ">
        <subfield code="a">1</subfield>
        <subfield code="b">44</subfield>
        <subfield code="c">1</subfield>
        <subfield code="d">Missa Quam pulchri sunt</subfield>
        <subfield code="t">Benedictus</subfield>
        <subfield code="m">T|AB</subfield>
        <subfield code="q">composed by Pellegrini, Vincenzo</subfield>
        <subfield code="q">Vor Tenor, Altus und Bassus "Trib. voc.", in Cantus und Quintus:"Benedictus tacet". In allen Stimmen:"Osanna ut supra".</subfield>
      </datafield>
      <datafield tag="031" ind1=" " ind2=" ">
        <subfield code="a">1</subfield>
        <subfield code="b">50</subfield>
        <subfield code="c">1</subfield>
        <subfield code="d">Missa Quam pulchri sunt</subfield>
        <subfield code="t">Agnus Dei</subfield>
        <subfield code="m">SA2+T|AB</subfield>
        <subfield code="q">composed by Pellegrini, Vincenzo</subfield>
      </datafield>
      <datafield tag="100" ind1=" " ind2=" ">
        <subfield code="a">Pellegrini, Vincenzo</subfield>
      </datafield>
      <datafield tag="240" ind1=" " ind2=" ">
        <subfield code="a">Missa Quam pulchri sunt</subfield>
        <subfield code="m">V (5)</subfield>
      </datafield>
      <datafield tag="245" ind1=" " ind2=" ">
        <subfield code="a">Missa Quam Pulchri Sunt</subfield>
      </datafield>
      <datafield tag="300" ind1=" " ind2=" ">
        <subfield code="a">Choirbook, fol. 55v-70r</subfield>
        <subfield code="8">01</subfield>
      </datafield>
      <datafield tag="500" ind1=" " ind2=" ">
        <subfield code="a"/>
        <subfield code="a">Textnachweis: Ordinarium missae</subfield>
        <subfield code="a">Titel im Index: Missa Quam Pulchri Sunt</subfield>
        <subfield code="a">Komponist im Index: Vincentius Pellegrinus Canonicus</subfield>
        <subfield code="a">Ordinarium missae</subfield>
        <subfield code="a">I-LT</subfield>
        <subfield code="a">82</subfield>
        <subfield code="a">43</subfield>
        <subfield code="a">Pellegrini, Vincenzo</subfield>
        <subfield code="a">Missa Quam pulchri sunt</subfield>
        <subfield code="a">Vincentius Pellegrinus Canonicus</subfield>
      </datafield>
      <datafield tag="730" ind1=" " ind2=" ">
        <subfield code="a">Missa Quam pulchri sunt</subfield>
      </datafield>
      <datafield tag="730" ind1=" " ind2=" ">
        <subfield code="a">Missa Quam Pulchri Sunt</subfield>
      </datafield>
      <datafield tag="730" ind1=" " ind2=" ">
        <subfield code="a">Messe</subfield>
      </datafield>
      <datafield tag="773" ind1=" " ind2=" ">
        <subfield code="w">85700006</subfield>
      </datafield>
      <datafield tag="852" ind1=" " ind2=" ">
        <subfield code="a">V-CVbav</subfield>
        <subfield code="c">CS 79</subfield>
        <subfield code="z">Fondo Cappella Sistina</subfield>
      </datafield>
      <datafield tag="593" ind1=" " ind2=" ">
        <subfield code="a">Print</subfield>
        <subfield code="8">01</subfield>
      </datafield>
      <datafield tag="594" ind1=" " ind2=" ">
        <subfield code="b">S</subfield>
        <subfield code="c">1</subfield>
      </datafield>
      <datafield tag="594" ind1=" " ind2=" ">
        <subfield code="b">T</subfield>
        <subfield code="c">1</subfield>
      </datafield>
      <datafield tag="594" ind1=" " ind2=" ">
        <subfield code="b">A</subfield>
        <subfield code="c">2</subfield>
      </datafield>
      <datafield tag="594" ind1=" " ind2=" ">
        <subfield code="b">B</subfield>
        <subfield code="c">1</subfield>
      </datafield>
    </record>