
    <record>
      <leader>00000ncd a2200000 u 4500</leader>
      <controlfield tag="001">85701106</controlfield>
      <datafield tag="031" ind1=" " ind2=" ">
        <subfield code="a">1</subfield>
        <subfield code="b">111</subfield>
        <subfield code="c">1</subfield>
        <subfield code="d">Missa pro defunctis</subfield>
        <subfield code="t">Requiem</subfield>
        <subfield code="m">SA2+T|AB</subfield>
        <subfield code="q">composed by Pellegrini, Vincenzo</subfield>
        <subfield code="q">Choraliter Intonation in allen Stimmen mit Melodiebeginn in Tenor.</subfield>
      </datafield>
      <datafield tag="031" ind1=" " ind2=" ">
        <subfield code="a">1</subfield>
        <subfield code="b">112</subfield>
        <subfield code="c">1</subfield>
        <subfield code="d">Missa pro defunctis</subfield>
        <subfield code="t">Eternam dona eis Domine et lux perpetua luceat eis</subfield>
        <subfield code="m">SA2+T|AB</subfield>
        <subfield code="q">composed by Pellegrini, Vincenzo</subfield>
      </datafield>
      <datafield tag="031" ind1=" " ind2=" ">
        <subfield code="a">1</subfield>
        <subfield code="b">113</subfield>
        <subfield code="c">1</subfield>
        <subfield code="d">Missa pro defunctis</subfield>
        <subfield code="t">Te decet hymnus Deus in Syon</subfield>
        <subfield code="m">SA2+T|AB</subfield>
        <subfield code="q">composed by Pellegrini, Vincenzo</subfield>
      </datafield>
      <datafield tag="031" ind1=" " ind2=" ">
        <subfield code="a">1</subfield>
        <subfield code="b">114</subfield>
        <subfield code="c">1</subfield>
        <subfield code="d">Missa pro defunctis</subfield>
        <subfield code="t">Et tibi reddetur votum in Hierusalem. Exaudi orationem meam ad te omnis caro veniet</subfield>
        <subfield code="m">SA2+T|AB</subfield>
        <subfield code="q">composed by Pellegrini, Vincenzo</subfield>
      </datafield>
      <datafield tag="031" ind1=" " ind2=" ">
        <subfield code="a">1</subfield>
        <subfield code="b">210</subfield>
        <subfield code="c">1</subfield>
        <subfield code="d">Missa pro defunctis</subfield>
        <subfield code="t">Kyrie</subfield>
        <subfield code="m">SA2+T|AB</subfield>
        <subfield code="q">composed by Pellegrini, Vincenzo</subfield>
      </datafield>
      <datafield tag="031" ind1=" " ind2=" ">
        <subfield code="a">1</subfield>
        <subfield code="b">310</subfield>
        <subfield code="c">1</subfield>
        <subfield code="d">Missa pro defunctis</subfield>
        <subfield code="t">Sequentia</subfield>
        <subfield code="m">SA2+T|AB</subfield>
        <subfield code="q">composed by Pellegrini, Vincenzo</subfield>
      </datafield>
      <datafield tag="031" ind1=" " ind2=" ">
        <subfield code="a">1</subfield>
        <subfield code="b">311</subfield>
        <subfield code="c">1</subfield>
        <subfield code="d">Missa pro defunctis</subfield>
        <subfield code="t">Dies irae</subfield>
        <subfield code="m">SA2+T|AB</subfield>
        <subfield code="q">composed by Pellegrini, Vincenzo</subfield>
      </datafield>
      <datafield tag="031" ind1=" " ind2=" ">
        <subfield code="a">1</subfield>
        <subfield code="b">312</subfield>
        <subfield code="c">1</subfield>
        <subfield code="d">Missa pro defunctis</subfield>
        <subfield code="t">Quantus tremor</subfield>
        <subfield code="m">T</subfield>
        <subfield code="q">composed by Pellegrini, Vincenzo</subfield>
        <subfield code="q">Choraliter</subfield>
      </datafield>
      <datafield tag="031" ind1=" " ind2=" ">
        <subfield code="a">1</subfield>
        <subfield code="b">313</subfield>
        <subfield code="c">1</subfield>
        <subfield code="d">Missa pro defunctis</subfield>
        <subfield code="t">Tuba mirum</subfield>
        <subfield code="m">SA2+T|AB</subfield>
        <subfield code="q">composed by Pellegrini, Vincenzo</subfield>
      </datafield>
      <datafield tag="031" ind1=" " ind2=" ">
        <subfield code="a">1</subfield>
        <subfield code="b">314</subfield>
        <subfield code="c">1</subfield>
        <subfield code="d">Missa pro defunctis</subfield>
        <subfield code="t">Mors stupebit</subfield>
        <subfield code="m">A</subfield>
        <subfield code="q">composed by Pellegrini, Vincenzo</subfield>
        <subfield code="q">Choraliter</subfield>
      </datafield>
      <datafield tag="031" ind1=" " ind2=" ">
        <subfield code="a">1</subfield>
        <subfield code="b">315</subfield>
        <subfield code="c">1</subfield>
        <subfield code="d">Missa pro defunctis</subfield>
        <subfield code="t">Liber scriptus</subfield>
        <subfield code="m">SA2+T|AB</subfield>
        <subfield code="q">composed by Pellegrini, Vincenzo</subfield>
      </datafield>
      <datafield tag="031" ind1=" " ind2=" ">
        <subfield code="a">1</subfield>
        <subfield code="b">316</subfield>
        <subfield code="c">1</subfield>
        <subfield code="d">Missa pro defunctis</subfield>
        <subfield code="t">Iudex ergo</subfield>
        <subfield code="m">B</subfield>
        <subfield code="q">composed by Pellegrini, Vincenzo</subfield>
        <subfield code="q">Choraliter</subfield>
      </datafield>
      <datafield tag="031" ind1=" " ind2=" ">
        <subfield code="a">1</subfield>
        <subfield code="b">317</subfield>
        <subfield code="c">1</subfield>
        <subfield code="d">Missa pro defunctis</subfield>
        <subfield code="t">Quid sum miser</subfield>
        <subfield code="m">SA2+T|AB</subfield>
        <subfield code="q">composed by Pellegrini, Vincenzo</subfield>
      </datafield>
      <datafield tag="031" ind1=" " ind2=" ">
        <subfield code="a">1</subfield>
        <subfield code="b">318</subfield>
        <subfield code="c">1</subfield>
        <subfield code="d">Missa pro defunctis</subfield>
        <subfield code="t">Rex tremende</subfield>
        <subfield code="m">A</subfield>
        <subfield code="q">composed by Pellegrini, Vincenzo</subfield>
        <subfield code="q">Choraliter</subfield>
      </datafield>
      <datafield tag="031" ind1=" " ind2=" ">
        <subfield code="a">1</subfield>
        <subfield code="b">319</subfield>
        <subfield code="c">1</subfield>
        <subfield code="d">Missa pro defunctis</subfield>
        <subfield code="t">Recordare Iesu</subfield>
        <subfield code="m">ST|AB</subfield>
        <subfield code="q">composed by Pellegrini, Vincenzo</subfield>
        <subfield code="q">In Cantus, Tenor, Altus und Bassus:"Quat. voc" und in Quintus:"Recordare tacet".</subfield>
      </datafield>
      <datafield tag="031" ind1=" " ind2=" ">
        <subfield code="a">1</subfield>
        <subfield code="b">321</subfield>
        <subfield code="c">1</subfield>
        <subfield code="d">Missa pro defunctis</subfield>
        <subfield code="t">Querens me</subfield>
        <subfield code="m">S</subfield>
        <subfield code="q">composed by Pellegrini, Vincenzo</subfield>
        <subfield code="q">Choraliter</subfield>
      </datafield>
      <datafield tag="031" ind1=" " ind2=" ">
        <subfield code="a">1</subfield>
        <subfield code="b">322</subfield>
        <subfield code="c">1</subfield>
        <subfield code="d">Missa pro defunctis</subfield>
        <subfield code="t">Iuste iudex</subfield>
        <subfield code="m">SA2+T|AB</subfield>
        <subfield code="q">composed by Pellegrini, Vincenzo</subfield>
      </datafield>
      <datafield tag="031" ind1=" " ind2=" ">
        <subfield code="a">1</subfield>
        <subfield code="b">323</subfield>
        <subfield code="c">1</subfield>
        <subfield code="d">Missa pro defunctis</subfield>
        <subfield code="t">Ingemisco</subfield>
        <subfield code="m">B</subfield>
        <subfield code="q">composed by Pellegrini, Vincenzo</subfield>
        <subfield code="q">Choraliter</subfield>
      </datafield>
      <datafield tag="031" ind1=" " ind2=" ">
        <subfield code="a">1</subfield>
        <subfield code="b">324</subfield>
        <subfield code="c">1</subfield>
        <subfield code="d">Missa pro defunctis</subfield>
        <subfield code="t">Qui Mariam absolvisti</subfield>
        <subfield code="m">SA2T|AB</subfield>
        <subfield code="q">composed by Pellegrini, Vincenzo</subfield>
      </datafield>
      <datafield tag="031" ind1=" " ind2=" ">
        <subfield code="a">1</subfield>
        <subfield code="b">325</subfield>
        <subfield code="c">1</subfield>
        <subfield code="d">Missa pro defunctis</subfield>
        <subfield code="t">Preces mee</subfield>
        <subfield code="m">T</subfield>
        <subfield code="q">composed by Pellegrini, Vincenzo</subfield>
        <subfield code="q">Choraliter</subfield>
      </datafield>
      <datafield tag="031" ind1=" " ind2=" ">
        <subfield code="a">1</subfield>
        <subfield code="b">326</subfield>
        <subfield code="c">1</subfield>
        <subfield code="d">Missa pro defunctis</subfield>
        <subfield code="t">Inter oves</subfield>
        <subfield code="m">A|TB</subfield>
        <subfield code="q">composed by Pellegrini, Vincenzo</subfield>
        <subfield code="q">Cantus:"Inter oves non est", Tenor:"Inter oves tacet" und in Quintus, Altus und Bassus:"Trib. voc."</subfield>
      </datafield>
      <datafield tag="031" ind1=" " ind2=" ">
        <subfield code="a">1</subfield>
        <subfield code="b">327</subfield>
        <subfield code="c">1</subfield>
        <subfield code="d">Missa pro defunctis</subfield>
        <subfield code="t">Confutatis maledictis</subfield>
        <subfield code="m">A</subfield>
        <subfield code="q">composed by Pellegrini, Vincenzo</subfield>
        <subfield code="q">Choraliter</subfield>
      </datafield>
      <datafield tag="031" ind1=" " ind2=" ">
        <subfield code="a">1</subfield>
        <subfield code="b">328</subfield>
        <subfield code="c">1</subfield>
        <subfield code="d">Missa pro defunctis</subfield>
        <subfield code="t">Oro supplex</subfield>
        <subfield code="m">SA2T|A</subfield>
        <subfield code="q">composed by Pellegrini, Vincenzo</subfield>
        <subfield code="q">In Cantus, Quintus, Tenor und Altus:"Quat. voc" und in Bassus:"Oro supplex tacet".</subfield>
      </datafield>
      <datafield tag="031" ind1=" " ind2=" ">
        <subfield code="a">1</subfield>
        <subfield code="b">329</subfield>
        <subfield code="c">1</subfield>
        <subfield code="d">Missa pro defunctis</subfield>
        <subfield code="t">Lachrimosa dies illa</subfield>
        <subfield code="m">B</subfield>
        <subfield code="q">composed by Pellegrini, Vincenzo</subfield>
        <subfield code="q">Choraliter</subfield>
      </datafield>
      <datafield tag="031" ind1=" " ind2=" ">
        <subfield code="a">1</subfield>
        <subfield code="b">331</subfield>
        <subfield code="c">1</subfield>
        <subfield code="d">Missa pro defunctis</subfield>
        <subfield code="t">Judicandus</subfield>
        <subfield code="m">ST|AA2B</subfield>
        <subfield code="q">composed by Pellegrini, Vincenzo</subfield>
      </datafield>
      <datafield tag="031" ind1=" " ind2=" ">
        <subfield code="a">1</subfield>
        <subfield code="b">332</subfield>
        <subfield code="c">1</subfield>
        <subfield code="d">Missa pro defunctis</subfield>
        <subfield code="t">Pie Iesu Domine</subfield>
        <subfield code="m">SA2T|AB</subfield>
        <subfield code="q">composed by Pellegrini, Vincenzo</subfield>
      </datafield>
      <datafield tag="031" ind1=" " ind2=" ">
        <subfield code="a">1</subfield>
        <subfield code="b">410</subfield>
        <subfield code="c">1</subfield>
        <subfield code="d">Missa pro defunctis</subfield>
        <subfield code="t">Offertorium</subfield>
        <subfield code="m">SA2+T|AB</subfield>
        <subfield code="q">composed by Pellegrini, Vincenzo</subfield>
      </datafield>
      <datafield tag="031" ind1=" " ind2=" ">
        <subfield code="a">1</subfield>
        <subfield code="b">411</subfield>
        <subfield code="c">1</subfield>
        <subfield code="d">Missa pro defunctis</subfield>
        <subfield code="t">Domine Iesu Christe</subfield>
        <subfield code="m">SA2+T|AB</subfield>
        <subfield code="q">composed by Pellegrini, Vincenzo</subfield>
        <subfield code="q">Choraliter mit Melodie im Tenor und sonstigen unisoni.</subfield>
      </datafield>
      <datafield tag="031" ind1=" " ind2=" ">
        <subfield code="a">1</subfield>
        <subfield code="b">412</subfield>
        <subfield code="c">1</subfield>
        <subfield code="d">Missa pro defunctis</subfield>
        <subfield code="t">Rex glorie</subfield>
        <subfield code="m">SA2+T|AB</subfield>
        <subfield code="q">composed by Pellegrini, Vincenzo</subfield>
      </datafield>
      <datafield tag="031" ind1=" " ind2=" ">
        <subfield code="a">1</subfield>
        <subfield code="b">413</subfield>
        <subfield code="c">1</subfield>
        <subfield code="d">Missa pro defunctis</subfield>
        <subfield code="t">Quam olim Abrahae</subfield>
        <subfield code="m">SA2+T|AB</subfield>
        <subfield code="q">composed by Pellegrini, Vincenzo</subfield>
      </datafield>
      <datafield tag="031" ind1=" " ind2=" ">
        <subfield code="a">1</subfield>
        <subfield code="b">414</subfield>
        <subfield code="c">1</subfield>
        <subfield code="d">Missa pro defunctis</subfield>
        <subfield code="t">Hostias et preces tibi</subfield>
        <subfield code="m">SA2T|AB</subfield>
        <subfield code="q">composed by Pellegrini, Vincenzo</subfield>
        <subfield code="q">Choraliter mit Melodie im Tenor und sonstigen unisoni.</subfield>
      </datafield>
      <datafield tag="031" ind1=" " ind2=" ">
        <subfield code="a">1</subfield>
        <subfield code="b">415</subfield>
        <subfield code="c">1</subfield>
        <subfield code="d">Missa pro defunctis</subfield>
        <subfield code="t">Tu suscipe</subfield>
        <subfield code="m">SA2+T|AB</subfield>
        <subfield code="q">composed by Pellegrini, Vincenzo</subfield>
        <subfield code="q">Danach in allen Stimmen:"Quam olim ut supra".</subfield>
      </datafield>
      <datafield tag="031" ind1=" " ind2=" ">
        <subfield code="a">1</subfield>
        <subfield code="b">510</subfield>
        <subfield code="c">1</subfield>
        <subfield code="d">Missa pro defunctis</subfield>
        <subfield code="t">Sanctus</subfield>
        <subfield code="m">SA2+T|AB</subfield>
        <subfield code="q">composed by Pellegrini, Vincenzo</subfield>
        <subfield code="q">Choraliter Intonation in allen Stimmen mit Melodiebeginn in Tenor.</subfield>
      </datafield>
      <datafield tag="031" ind1=" " ind2=" ">
        <subfield code="a">1</subfield>
        <subfield code="b">511</subfield>
        <subfield code="c">1</subfield>
        <subfield code="d">Missa pro defunctis</subfield>
        <subfield code="t">Sanctus, Sanctus Dominus</subfield>
        <subfield code="m">SA2+T|AB</subfield>
        <subfield code="q">composed by Pellegrini, Vincenzo</subfield>
      </datafield>
      <datafield tag="031" ind1=" " ind2=" ">
        <subfield code="a">1</subfield>
        <subfield code="b">512</subfield>
        <subfield code="c">1</subfield>
        <subfield code="d">Missa pro defunctis</subfield>
        <subfield code="t">Benedictus</subfield>
        <subfield code="m">SA2T|A</subfield>
        <subfield code="q">composed by Pellegrini, Vincenzo</subfield>
        <subfield code="q">In Cantus, Quintus, Tenor und Altus:"Quat. voc" und in Bassus:"Benedictus tacet".</subfield>
      </datafield>
      <datafield tag="031" ind1=" " ind2=" ">
        <subfield code="a">1</subfield>
        <subfield code="b">513</subfield>
        <subfield code="c">1</subfield>
        <subfield code="d">Missa pro defunctis</subfield>
        <subfield code="t">Osanna</subfield>
        <subfield code="m">SA2+T|AB</subfield>
        <subfield code="q">composed by Pellegrini, Vincenzo</subfield>
      </datafield>
      <datafield tag="031" ind1=" " ind2=" ">
        <subfield code="a">1</subfield>
        <subfield code="b">611</subfield>
        <subfield code="c">1</subfield>
        <subfield code="d">Missa pro defunctis</subfield>
        <subfield code="t">Agnus Dei</subfield>
        <subfield code="m">SA2+T|AB</subfield>
        <subfield code="q">composed by Pellegrini, Vincenzo</subfield>
        <subfield code="q">Choraliter Intonation in allen Stimmen mit Melodiebeginn in Tenor.</subfield>
      </datafield>
      <datafield tag="031" ind1=" " ind2=" ">
        <subfield code="a">1</subfield>
        <subfield code="b">612</subfield>
        <subfield code="c">1</subfield>
        <subfield code="d">Missa pro defunctis</subfield>
        <subfield code="t">Agnus Dei</subfield>
        <subfield code="m">SA2+T|AB</subfield>
        <subfield code="q">composed by Pellegrini, Vincenzo</subfield>
        <subfield code="q">Choraliter Intonation in allen Stimmen mit Melodiebeginn in Tenor.</subfield>
      </datafield>
      <datafield tag="031" ind1=" " ind2=" ">
        <subfield code="a">1</subfield>
        <subfield code="b">613</subfield>
        <subfield code="c">1</subfield>
        <subfield code="d">Missa pro defunctis</subfield>
        <subfield code="t">Agnus Dei [dona eis requiem in sempiternam]</subfield>
        <subfield code="m">SA2+T|AB</subfield>
        <subfield code="q">composed by Pellegrini, Vincenzo</subfield>
        <subfield code="q">Choraliter Intonation in allen Stimmen mit Melodiebeginn in Tenor.</subfield>
      </datafield>
      <datafield tag="031" ind1=" " ind2=" ">
        <subfield code="a">1</subfield>
        <subfield code="b">710</subfield>
        <subfield code="c">1</subfield>
        <subfield code="d">Missa pro defunctis</subfield>
        <subfield code="t">Lux eterna luceat eis</subfield>
        <subfield code="m">SA2+T|AB</subfield>
        <subfield code="q">composed by Pellegrini, Vincenzo</subfield>
        <subfield code="q">Choraliter Intonation in allen Stimmen mit Melodiebeginn in Tenor.</subfield>
      </datafield>
      <datafield tag="031" ind1=" " ind2=" ">
        <subfield code="a">1</subfield>
        <subfield code="b">811</subfield>
        <subfield code="c">1</subfield>
        <subfield code="d">Missa pro defunctis</subfield>
        <subfield code="t">Requiem eternam</subfield>
        <subfield code="m">SA2T|AB</subfield>
        <subfield code="q">composed by Pellegrini, Vincenzo</subfield>
        <subfield code="q">Choraliter Intonation in allen Stimmen mit Melodiebeginn in Tenor.</subfield>
      </datafield>
      <datafield tag="031" ind1=" " ind2=" ">
        <subfield code="a">1</subfield>
        <subfield code="b">812</subfield>
        <subfield code="c">1</subfield>
        <subfield code="d">Missa pro defunctis</subfield>
        <subfield code="t">Et lux perpetua luceat eis Domine cum Sanctis tuis in eternum quia pius es</subfield>
        <subfield code="m">SA2+T|AB</subfield>
        <subfield code="q">composed by Pellegrini, Vincenzo</subfield>
      </datafield>
      <datafield tag="100" ind1=" " ind2=" ">
        <subfield code="a">Pellegrini, Vincenzo</subfield>
      </datafield>
      <datafield tag="240" ind1=" " ind2=" ">
        <subfield code="a">Missa pro defunctis</subfield>
        <subfield code="m">V (5)</subfield>
      </datafield>
      <datafield tag="245" ind1=" " ind2=" ">
        <subfield code="a">Missa Defunctorum</subfield>
      </datafield>
      <datafield tag="300" ind1=" " ind2=" ">
        <subfield code="a">Choirbook, fol. 70v-85r</subfield>
        <subfield code="8">01</subfield>
      </datafield>
      <datafield tag="500" ind1=" " ind2=" ">
        <subfield code="a"/>
        <subfield code="a">Textnachweis: Ordinarium pro defunctis</subfield>
        <subfield code="a">Titel im Index: Missa Defunctorum</subfield>
        <subfield code="a">Komponist im Index: Vincentius Pellegrinus Canonicus</subfield>
        <subfield code="a">Ordinarium pro defunctis</subfield>
        <subfield code="a">I-LT</subfield>
        <subfield code="a">82</subfield>
        <subfield code="a">83</subfield>
        <subfield code="a">"Defunctorum"</subfield>
        <subfield code="a">Pellegrini, Vincenzo</subfield>
        <subfield code="a">Missa pro defunctis</subfield>
        <subfield code="a">Vincentius Pellegrinus Canonicus</subfield>
      </datafield>
      <datafield tag="730" ind1=" " ind2=" ">
        <subfield code="a">Missa pro defunctis</subfield>
      </datafield>
      <datafield tag="730" ind1=" " ind2=" ">
        <subfield code="a">Missa Defunctorum</subfield>
      </datafield>
      <datafield tag="730" ind1=" " ind2=" ">
        <subfield code="a">Requiem</subfield>
      </datafield>
      <datafield tag="773" ind1=" " ind2=" ">
        <subfield code="w">85700006</subfield>
      </datafield>
      <datafield tag="852" ind1=" " ind2=" ">
        <subfield code="a">V-CVbav</subfield>
        <subfield code="c">CS 79</subfield>
        <subfield code="z">Fondo Cappella Sistina</subfield>
      </datafield>
      <datafield tag="593" ind1=" " ind2=" ">
        <subfield code="a">Print</subfield>
        <subfield code="8">01</subfield>
      </datafield>
      <datafield tag="594" ind1=" " ind2=" ">
        <subfield code="b">S</subfield>
        <subfield code="c">1</subfield>
      </datafield>
      <datafield tag="594" ind1=" " ind2=" ">
        <subfield code="b">T</subfield>
        <subfield code="c">1</subfield>
      </datafield>
      <datafield tag="594" ind1=" " ind2=" ">
        <subfield code="b">A</subfield>
        <subfield code="c">2</subfield>
      </datafield>
      <datafield tag="594" ind1=" " ind2=" ">
        <subfield code="b">B</subfield>
        <subfield code="c">1</subfield>
      </datafield>
    </record>