
  </content>
  <record>
    <leader>00000ncc a2200000 u 4500</leader>
    <controlfield tag="001">85700007</controlfield>
    <datafield tag="041" ind1=" " ind2=" ">
      <subfield code="a">lat</subfield>
    </datafield>
    <datafield tag="100" ind1=" " ind2=" ">
      <subfield code="a">George de La Hele</subfield>
    </datafield>
    <datafield tag="130" ind1=" " ind2=" ">
      <subfield code="a">Sacred songs</subfield>
    </datafield>
    <datafield tag="245" ind1=" " ind2=" ">
      <subfield code="a">OCTO | MISSAE, | QUINQUE, SEX, | ET SEPTEM | VOCUM, | Auctore | GEORGIO DE LA HELE, | Apud insignem Cathedr[alem] Tornacensem | Ecclesiam PHONASCO; | IAM primùm in lucem edita. | ... | ANTVERPIAE, | EX OFFICINA CHRISTOPHORI | PLANTINI TYPOGRAPHI REGII. | M. D. LXXVII.</subfield>
    </datafield>
    <datafield tag="260" ind1=" " ind2=" ">
      <subfield code="a">Antwerpen</subfield>
      <subfield code="b">Antwerpen: Christophe Plantin (noch aus Wagner OM ergänzen]Noten: ??Text: Lateinische Druckschrift</subfield>
      <subfield code="c">1578</subfield>
      <subfield code="8">01</subfield>
    </datafield>
    <datafield tag="300" ind1=" " ind2=" ">
      <subfield code="a">1 choirbook: 273f.</subfield>
      <subfield code="b">Papier, ohne WZ; Bifolia aus jeweils zwei Papierbögen zusammengeklebt; sehr guter Erhaltungszustand, nur ab fol. 261 am Rand teilweise leicht eingerissen/beschädigt</subfield>
      <subfield code="c">545x412</subfield>
      <subfield code="8">01</subfield>
    </datafield>
    <datafield tag="500" ind1=" " ind2=" ">
      <subfield code="a">Aktuelle Lagenstrukturen: Titelblatt Einzelblatt; 136 Einzelbifolia; keine Lagenbildung, jedes Bifolium einzeln geheftet.fol. [1]r: Frontispiz; fol [1]v: leer; fol. [2]r-[2]v: Vorwort/Widmungsbrief an Philipp II. von Habsburg; fol. [3]r (=1b): Inhaltsverzeichnis; fol. 2a/2b ([3]v-fol. [4]r) - 270a/270b: Messen; kein Vor-/NachsatzblattFolia mit Leersystemen: 29, 60, 88, 120, 153, 188, 230</subfield>
      <subfield code="8">01</subfield>
    </datafield>
    <datafield tag="500" ind1=" " ind2=" ">
      <subfield code="a"/>
      <subfield code="a">OCTO / MISSAE, / QUINQUE, SEX, / ET SEPTEM / VOCUM, / Auctore / GEORGIO DE LA HELE, / Apud insignem Cathedr[alem] Tornacensem / Ecclesiam PHONASCO; / IAM primùm in lucem edita. / ... / ANTVERPIAE, / EX OFFICINA CHRISTOPHORI / PLANTINI TYPOGRAPHI REGII. / M. D. LXXVII.</subfield>
      <subfield code="a">Aktuelle Blattzählung: [01-03] I-CCLXX, röm. original eingedruckt, wobei die gegenüberliegenden Seiten verso und recto immer die geiche (!) Zahl haben (Lesefeldzählung).</subfield>
      <subfield code="a">Notation: weiß mensural</subfield>
      <subfield code="a">Signatur: noch aus Wagner OM und La Hele CW ergänzen!</subfield>
      <subfield code="a">Dekoration: Prachtvolles Kupferstich-Frontspiz (502 x 342 mm). Oben Mitte Chor der singenden Cherubime und Seraphime mit Lyra, Schalmei und Gambe begelitend, direkt darunter Titelei, rechts darunter Pastorenmusik (Schalmei und Dudelsack), links darunter Anbetung des Jesukindes durch Pastoren (Drehleier, Schalmei und Dudelsack), wiederum darunter links Durchzug durch das Rote Meer, in der Mite die Hl. Cäcilia an der Orgel und rechts eine Frauengruppe (v.l. mit Schalmei, Lyra, Palmzweig, Frau mit Schwert und Kopf [Judith mit dem Kopf des Holofernes], der eine andere einen Heiligenkranz über den Kopf hält, Tamburin und Triangel). Rechts und links hinter der Szene ein Heer das in eine Stadt [Jerusalem] einzieht. Unter dieser Dreierbildreihe links: David singt vor Saul, der festgehalten wird, weil er verrückt ist, dann Mitte das Emblem des Druckers und links ein Zug mit der von einem Ochsen gezogenen Bundeslade, dem vorweg gehenden David mit Lyra und zwei Fanfarenspielern im Hintergrund. Unter  dem Emblem des Druckers Banderole mit dem Schriftzug: "Labore et Constantia".[...]; Auf allen Darstellungen sind also Musikinstrumente in Gebrauch. Holzschnitt-Initialen, teils als Miniaturen, teils als Kadellen [Superius 95x90mm, Tenor 85x85, Tenor sec. 85x91, Altus 91x91 und Basis 85x85 mm, alle mit eingedrucktem "PB" signiert]</subfield>
      <subfield code="a">Kaum zeitgenössische Abnutzungsspuren, jedoch sind Vorderdeckel und Vorsatzblatt vom Buchcorpus getrennt. Vor allem Titelblatt und Bereich ab fol. 233 sind aus dem Leim, was wohl mit der Josquin-Messe zusammenhängt und moderne Schäden sind. </subfield>
      <subfield code="a">original nach Lesefeldern I-CCLXX; Titel, Vorwort ohne fol.</subfield>
      <subfield code="a">10 Fünfliniensysteme H: 22 mm B: 313 mm; A: 25 mm; GH: 445 mm (Ausnahmen: nur 9 Systeme auf fol. 121-167, 170a, 171, 175a, 176a, 184a, 195b [3+3+3], 173b, 185b, [2+5+2], 186a [2+4+3], 189a [2+3+1+3] bei gleichbleibender GH mit größeren Abständen [???] zwischen den nach Stimmen gruppierten Systemen.Textgrundlinie 15 mm unter Notensystem.Kopfzeile: links Stücktitel, rechts "G. DE LA HELE"</subfield>
      <subfield code="a">Antwerpen: Christoph Plantin</subfield>
    </datafield>
    <datafield tag="563" ind1=" " ind2=" ">
      <subfield code="a">Helles Pergament auf Pappe; sehr wurmstichig, Rücken fast völlig zerstört, Bindung weitgehend intakt. Überreste von Stoffbändern zum Verschluß auf beiden Deckeln</subfield>
      <subfield code="8">01</subfield>
    </datafield>
    <datafield tag="593" ind1=" " ind2=" ">
      <subfield code="a">Print</subfield>
      <subfield code="8">01</subfield>
    </datafield>
    <datafield tag="650" ind1=" " ind2=" ">
      <subfield code="a">Octo Missae</subfield>
    </datafield>
    <datafield tag="691" ind1=" " ind2=" ">
      <subfield code="a">RISM L 285</subfield>
    </datafield>
    <datafield tag="691" ind1=" " ind2=" ">
      <subfield code="a">HaberlV 1888</subfield>
      <subfield code="n">p. 29f.</subfield>
      <subfield code="0">3122</subfield>
    </datafield>
    <datafield tag="691" ind1=" " ind2=" ">
      <subfield code="a">LlorensS 1960</subfield>
      <subfield code="n">p. 125f.</subfield>
      <subfield code="0">144</subfield>
    </datafield>
    <datafield tag="691" ind1=" " ind2=" ">
      <subfield code="a">La Hele CW</subfield>
      <subfield code="n">vol. 1,  p. IX-XI</subfield>
      <subfield code="0"> p. IX-XI</subfield>
    </datafield>
    <datafield tag="691" ind1=" " ind2=" ">
      <subfield code="a">Wagner OM</subfield>
      <subfield code="n">p. 57-79</subfield>
    </datafield>
    <datafield tag="691" ind1=" " ind2=" ">
      <subfield code="a">PanuzziL 1687</subfield>
      <subfield code="n">038</subfield>
      <subfield code="0">41001975</subfield>
    </datafield>
    <datafield tag="691" ind1=" " ind2=" ">
      <subfield code="a">CeliL 1753</subfield>
      <subfield code="n">A080</subfield>
      <subfield code="0">41001973</subfield>
    </datafield>
    <datafield tag="691" ind1=" " ind2=" ">
      <subfield code="a">StoraceP 1813</subfield>
      <subfield code="n">A080</subfield>
      <subfield code="0">41001976</subfield>
    </datafield>
    <datafield tag="691" ind1=" " ind2=" ">
      <subfield code="a">SalvatiL 1863</subfield>
      <subfield code="n">080</subfield>
      <subfield code="0">41001978</subfield>
    </datafield>
    <datafield tag="700" ind1=" " ind2=" ">
      <subfield code="a">Philipp II. von Spanien</subfield>
      <subfield code="4">oth</subfield>
    </datafield>
    <datafield tag="700" ind1=" " ind2=" ">
      <subfield code="a">Antwerpen: Christophe Plantin (noch aus Wagner OM ergänzen]Noten: ??Text: Lateinische Druckschrift</subfield>
      <subfield code="4">oth</subfield>
    </datafield>
    <datafield tag="710" ind1=" " ind2=" ">
      <subfield code="a">Capella Sistina</subfield>
      <subfield code="0">51000666</subfield>
      <subfield code="4">evp</subfield>
    </datafield>
    <datafield tag="774" ind1=" " ind2=" ">
      <subfield code="w">85701107</subfield>
    </datafield>
    <datafield tag="774" ind1=" " ind2=" ">
      <subfield code="w">85701108</subfield>
    </datafield>
    <datafield tag="774" ind1=" " ind2=" ">
      <subfield code="w">85701109</subfield>
    </datafield>
    <datafield tag="774" ind1=" " ind2=" ">
      <subfield code="w">85701110</subfield>
    </datafield>
    <datafield tag="774" ind1=" " ind2=" ">
      <subfield code="w">85701111</subfield>
    </datafield>
    <datafield tag="774" ind1=" " ind2=" ">
      <subfield code="w">85701112</subfield>
    </datafield>
    <datafield tag="774" ind1=" " ind2=" ">
      <subfield code="w">85701113</subfield>
    </datafield>
    <datafield tag="774" ind1=" " ind2=" ">
      <subfield code="w">85701114</subfield>
    </datafield>
    <datafield tag="774" ind1=" " ind2=" ">
      <subfield code="w">85701115</subfield>
    </datafield>
    <datafield tag="852" ind1=" " ind2=" ">
      <subfield code="a">V-CVbav</subfield>
      <subfield code="c">CS 80</subfield>
      <subfield code="d">038</subfield>
      <subfield code="d">080</subfield>
      <subfield code="d">A080</subfield>
      <subfield code="z">Fondo Cappella Sistina</subfield>
    </datafield>
  </record>