
    <record>
      <leader>00000ncd a2200000 u 4500</leader>
      <controlfield tag="001">85701108</controlfield>
      <datafield tag="031" ind1=" " ind2=" ">
        <subfield code="a">1</subfield>
        <subfield code="b">1</subfield>
        <subfield code="c">1</subfield>
        <subfield code="d">Missa Oculi omnium in te esperant Domine</subfield>
        <subfield code="t">Kyrie</subfield>
        <subfield code="m">STB+|AA2</subfield>
        <subfield code="q">composed by La Hèle, George de</subfield>
        <subfield code="q">ttt|tt</subfield>
      </datafield>
      <datafield tag="031" ind1=" " ind2=" ">
        <subfield code="a">1</subfield>
        <subfield code="b">2</subfield>
        <subfield code="c">1</subfield>
        <subfield code="d">Missa Oculi omnium in te esperant Domine</subfield>
        <subfield code="t">[Gloria] Et in terra</subfield>
        <subfield code="m">STB+|AA2</subfield>
        <subfield code="q">composed by La Hèle, George de</subfield>
        <subfield code="q">ttt|tt</subfield>
      </datafield>
      <datafield tag="031" ind1=" " ind2=" ">
        <subfield code="a">1</subfield>
        <subfield code="b">3</subfield>
        <subfield code="c">1</subfield>
        <subfield code="d">Missa Oculi omnium in te esperant Domine</subfield>
        <subfield code="t">Credo / Et resurrexit / Et in Spiritum</subfield>
        <subfield code="m">STB+|AA2 / ST|A2B / STB+|AA2</subfield>
        <subfield code="q">composed by La Hèle, George de</subfield>
        <subfield code="q">ttt|tt / tt|tt / ttt|tt. Lesefeld 17 rechts Altus:"Et resurrexit tacet" bis non erit finis.</subfield>
      </datafield>
      <datafield tag="031" ind1=" " ind2=" ">
        <subfield code="a">1</subfield>
        <subfield code="b">4</subfield>
        <subfield code="c">1</subfield>
        <subfield code="d">Missa Oculi omnium in te esperant Domine</subfield>
        <subfield code="t">Sanctus / Osanna / Benedictus</subfield>
        <subfield code="m">STB+|AA2 / STB+|AA2 / S|AB</subfield>
        <subfield code="q">composed by La Hèle, George de</subfield>
        <subfield code="q">ttt|tt / ttt|tt / t|tt. Lesefeld 24 links "Tenor tacet" und rechts im Altus sec.:"Benedictus tacet"</subfield>
      </datafield>
      <datafield tag="031" ind1=" " ind2=" ">
        <subfield code="a">1</subfield>
        <subfield code="b">5</subfield>
        <subfield code="c">1</subfield>
        <subfield code="d">Missa Oculi omnium in te esperant Domine</subfield>
        <subfield code="t">Agnus Dei</subfield>
        <subfield code="m">STB+|AA2 / - / STT2|AA2B</subfield>
        <subfield code="q">composed by La Hèle, George de</subfield>
        <subfield code="q">ttt|tt / - / ttt|ttt</subfield>
      </datafield>
      <datafield tag="100" ind1=" " ind2=" ">
        <subfield code="a">La Hèle, George de</subfield>
      </datafield>
      <datafield tag="240" ind1=" " ind2=" ">
        <subfield code="a">Missa Oculi omnium in te esperant Domineissa Oculi omnium in te esperant Domine</subfield>
        <subfield code="m">V (6)</subfield>
      </datafield>
      <datafield tag="245" ind1=" " ind2=" ">
        <subfield code="a">Missa. Oculi omnium in te sperant Domine</subfield>
      </datafield>
      <datafield tag="300" ind1=" " ind2=" ">
        <subfield code="a">Choirbook, fol. 5-28</subfield>
        <subfield code="8">01</subfield>
      </datafield>
      <datafield tag="500" ind1=" " ind2=" ">
        <subfield code="a"/>
        <subfield code="a">Textnachweis: Ordinarium missae</subfield>
        <subfield code="a">Mehrstimmige Vorlage: Orlando di Lasso, Oculi omnium in te sperant, ? v. (Lasso SW, vol. 7, p. 123-127)</subfield>
        <subfield code="a">Titel im Index: Missa. Oculi omnium in te sperant Domine</subfield>
        <subfield code="a">Komponist im Index: Georgius de la Hele</subfield>
        <subfield code="a">Ordinarium missae</subfield>
        <subfield code="a">La Hèle, George de</subfield>
        <subfield code="a">Missa Oculi omnium in te esperant Domineissa Oculi omnium in te esperant Domine</subfield>
        <subfield code="a">Georgius de la Hele</subfield>
      </datafield>
      <datafield tag="691" ind1=" " ind2=" ">
        <subfield code="a">La Hele CW</subfield>
        <subfield code="n">vol. 1,  p. 5-32</subfield>
        <subfield code="0"> p. 5-32</subfield>
      </datafield>
      <datafield tag="730" ind1=" " ind2=" ">
        <subfield code="a">Missa Oculi omnium in te esperant Domineissa Oculi omnium in te esperant Domine</subfield>
      </datafield>
      <datafield tag="730" ind1=" " ind2=" ">
        <subfield code="a">Missa. Oculi omnium in te sperant Domine</subfield>
      </datafield>
      <datafield tag="730" ind1=" " ind2=" ">
        <subfield code="a">Messe</subfield>
      </datafield>
      <datafield tag="773" ind1=" " ind2=" ">
        <subfield code="w">85700007</subfield>
      </datafield>
      <datafield tag="852" ind1=" " ind2=" ">
        <subfield code="a">V-CVbav</subfield>
        <subfield code="c">CS 80</subfield>
        <subfield code="z">Fondo Cappella Sistina</subfield>
      </datafield>
      <datafield tag="593" ind1=" " ind2=" ">
        <subfield code="a">Print</subfield>
        <subfield code="8">01</subfield>
      </datafield>
      <datafield tag="594" ind1=" " ind2=" ">
        <subfield code="b">S</subfield>
        <subfield code="c">1</subfield>
      </datafield>
      <datafield tag="594" ind1=" " ind2=" ">
        <subfield code="b">T</subfield>
        <subfield code="c">2</subfield>
      </datafield>
      <datafield tag="594" ind1=" " ind2=" ">
        <subfield code="b">A</subfield>
        <subfield code="c">2</subfield>
      </datafield>
      <datafield tag="594" ind1=" " ind2=" ">
        <subfield code="b">B</subfield>
        <subfield code="c">1</subfield>
      </datafield>
    </record>