
    <record>
      <leader>00000ncd a2200000 u 4500</leader>
      <controlfield tag="001">85701111</controlfield>
      <datafield tag="031" ind1=" " ind2=" ">
        <subfield code="a">1</subfield>
        <subfield code="b">1</subfield>
        <subfield code="c">1</subfield>
        <subfield code="d">Missa Gustate et videte</subfield>
        <subfield code="t">Kyrie</subfield>
        <subfield code="m">STT2+|AB</subfield>
        <subfield code="q">composed by La Hèle, George de</subfield>
        <subfield code="q">ttt|tt</subfield>
      </datafield>
      <datafield tag="031" ind1=" " ind2=" ">
        <subfield code="a">1</subfield>
        <subfield code="b">2</subfield>
        <subfield code="c">1</subfield>
        <subfield code="d">Missa Gustate et videte</subfield>
        <subfield code="t">[Gloria] Et in terra</subfield>
        <subfield code="m">STT2+|AB</subfield>
        <subfield code="q">composed by La Hèle, George de</subfield>
        <subfield code="q">ttt|tt</subfield>
      </datafield>
      <datafield tag="031" ind1=" " ind2=" ">
        <subfield code="a">1</subfield>
        <subfield code="b">3</subfield>
        <subfield code="c">1</subfield>
        <subfield code="d">Missa Gustate et videte</subfield>
        <subfield code="t">Credo / Et resurrexit / Et in spiritum</subfield>
        <subfield code="m">STT2+|AB / ST2|AB / STT2+|AB</subfield>
        <subfield code="q">composed by La Hèle, George de</subfield>
        <subfield code="q">ttt|tt / tt|tt / ttt|tt</subfield>
      </datafield>
      <datafield tag="031" ind1=" " ind2=" ">
        <subfield code="a">1</subfield>
        <subfield code="b">4</subfield>
        <subfield code="c">1</subfield>
        <subfield code="d">Missa Gustate et videte</subfield>
        <subfield code="t">Sanctus / Pleni / Osanna / Benedictus</subfield>
        <subfield code="m">STT2|S2AB / T|AB / STT2|S2AB / ST|AT2</subfield>
        <subfield code="q">composed by La Hèle, George de</subfield>
        <subfield code="q">ttt|ttt / t|tt / ttt|ttt / tt|tt. Lesefeld 111 links für das Pleni "Superius tacet" und "Tenor sec. tacet" und rechts "Superius sec. tacet". Für das Aussetzen des Superius und des Basis im Benedictus gibt es keine Anweisung.</subfield>
      </datafield>
      <datafield tag="031" ind1=" " ind2=" ">
        <subfield code="a">1</subfield>
        <subfield code="b">5</subfield>
        <subfield code="c">1</subfield>
        <subfield code="d">Missa Gustate et videte</subfield>
        <subfield code="t">Agnus Dei</subfield>
        <subfield code="m">STT2|S2AB / - / SS2TT2|AA2BB2</subfield>
        <subfield code="q">composed by La Hèle, George de</subfield>
        <subfield code="q">ttt|ttt / - / tttt|tttt</subfield>
      </datafield>
      <datafield tag="100" ind1=" " ind2=" ">
        <subfield code="a">La Hèle, George de</subfield>
      </datafield>
      <datafield tag="240" ind1=" " ind2=" ">
        <subfield code="a">Missa Gustate et videte</subfield>
        <subfield code="m">V (8)</subfield>
      </datafield>
      <datafield tag="245" ind1=" " ind2=" ">
        <subfield code="a">Missa. Gustate et videte</subfield>
      </datafield>
      <datafield tag="300" ind1=" " ind2=" ">
        <subfield code="a">Choirbook, fol. 89-119</subfield>
        <subfield code="8">01</subfield>
      </datafield>
      <datafield tag="500" ind1=" " ind2=" ">
        <subfield code="a"/>
        <subfield code="a">Textnachweis: Ordinarium missae</subfield>
        <subfield code="a">Mehrstimmige Vorlage: Orlando di Lasso, Gustate et videte, ? v. (Lasso SW, vol. 5, p. 73-78)</subfield>
        <subfield code="a">Titel im Index: Missa. Gustate et videte</subfield>
        <subfield code="a">Komponist im Index: Georgius de la Hele</subfield>
        <subfield code="a">Ordinarium missae</subfield>
        <subfield code="a">La Hèle, George de</subfield>
        <subfield code="a">Missa Gustate et videte</subfield>
        <subfield code="a">Georgius de la Hele</subfield>
      </datafield>
      <datafield tag="691" ind1=" " ind2=" ">
        <subfield code="a">La Hele CW</subfield>
        <subfield code="n">vol. 1,  p. 97-131</subfield>
        <subfield code="0"> p. 97-131</subfield>
      </datafield>
      <datafield tag="730" ind1=" " ind2=" ">
        <subfield code="a">Missa Gustate et videte</subfield>
      </datafield>
      <datafield tag="730" ind1=" " ind2=" ">
        <subfield code="a">Missa. Gustate et videte</subfield>
      </datafield>
      <datafield tag="730" ind1=" " ind2=" ">
        <subfield code="a">Messe</subfield>
      </datafield>
      <datafield tag="773" ind1=" " ind2=" ">
        <subfield code="w">85700007</subfield>
      </datafield>
      <datafield tag="852" ind1=" " ind2=" ">
        <subfield code="a">V-CVbav</subfield>
        <subfield code="c">CS 80</subfield>
        <subfield code="z">Fondo Cappella Sistina</subfield>
      </datafield>
      <datafield tag="593" ind1=" " ind2=" ">
        <subfield code="a">Print</subfield>
        <subfield code="8">01</subfield>
      </datafield>
      <datafield tag="594" ind1=" " ind2=" ">
        <subfield code="b">S</subfield>
        <subfield code="c">2</subfield>
      </datafield>
      <datafield tag="594" ind1=" " ind2=" ">
        <subfield code="b">T</subfield>
        <subfield code="c">2</subfield>
      </datafield>
      <datafield tag="594" ind1=" " ind2=" ">
        <subfield code="b">A</subfield>
        <subfield code="c">2</subfield>
      </datafield>
      <datafield tag="594" ind1=" " ind2=" ">
        <subfield code="b">B</subfield>
        <subfield code="c">2</subfield>
      </datafield>
    </record>