
    <record>
      <leader>00000ncd a2200000 u 4500</leader>
      <controlfield tag="001">85701114</controlfield>
      <datafield tag="031" ind1=" " ind2=" ">
        <subfield code="a">1</subfield>
        <subfield code="b">1</subfield>
        <subfield code="c">1</subfield>
        <subfield code="d">Missa Praeter rerum seriem</subfield>
        <subfield code="t">Kyrie</subfield>
        <subfield code="m">SS2TB2|AA2B</subfield>
        <subfield code="q">composed by La Hèle, George de</subfield>
        <subfield code="q">tttt|ttt</subfield>
      </datafield>
      <datafield tag="031" ind1=" " ind2=" ">
        <subfield code="a">1</subfield>
        <subfield code="b">2</subfield>
        <subfield code="c">1</subfield>
        <subfield code="d">Missa Praeter rerum seriem</subfield>
        <subfield code="t">[Gloria] Et in terra</subfield>
        <subfield code="m">SS2TB2|AA2B</subfield>
        <subfield code="q">composed by La Hèle, George de</subfield>
        <subfield code="q">tttt|ttt</subfield>
      </datafield>
      <datafield tag="031" ind1=" " ind2=" ">
        <subfield code="a">1</subfield>
        <subfield code="b">3</subfield>
        <subfield code="c">1</subfield>
        <subfield code="d">Missa Praeter rerum seriem</subfield>
        <subfield code="t">Credo / Et resurrexit / Et in spiritum</subfield>
        <subfield code="m">SS2TB2|AA2B / TB2|AA2 / SS2TB2|AA2B</subfield>
        <subfield code="q">composed by La Hèle, George de</subfield>
        <subfield code="q">tttt|ttt / tt|tt / tttt|ttt. Lesefeld 211 links "Superiores tacent" und rechts (73 x 110) "Basis tacet" für Et resurrexit bis non erit finis.</subfield>
      </datafield>
      <datafield tag="031" ind1=" " ind2=" ">
        <subfield code="a">1</subfield>
        <subfield code="b">4</subfield>
        <subfield code="c">1</subfield>
        <subfield code="d">Missa Praeter rerum seriem</subfield>
        <subfield code="t">Sanctus / Osanna / Benedictus</subfield>
        <subfield code="m">SS2TB2|AA2B / SS2TB2|AA2B / ST|S2A2</subfield>
        <subfield code="q">composed by La Hèle, George de</subfield>
        <subfield code="q">tttt|ttt / tttt|ttt / tt|tt. Lesefeld 222 links "Bases tacent" und rechts "Altus tacet" für das Benedictus.</subfield>
      </datafield>
      <datafield tag="031" ind1=" " ind2=" ">
        <subfield code="a">1</subfield>
        <subfield code="b">5</subfield>
        <subfield code="c">1</subfield>
        <subfield code="d">Missa Praeter rerum seriem</subfield>
        <subfield code="t">Agnus Dei</subfield>
        <subfield code="m">SS2TB2|AA2B / SS2TT2|AA2BB2 / SS2TT2|AA2BB2</subfield>
        <subfield code="q">composed by La Hèle, George de</subfield>
        <subfield code="q">tttt|ttt/ tttt|tttt / tttt|tttt. Bereits ab dem zweiten Agnus Achtstimmigkeit.</subfield>
      </datafield>
      <datafield tag="100" ind1=" " ind2=" ">
        <subfield code="a">La Hèle, George de</subfield>
      </datafield>
      <datafield tag="240" ind1=" " ind2=" ">
        <subfield code="a">Missa Praeter rerum seriem</subfield>
        <subfield code="m">V (8)</subfield>
      </datafield>
      <datafield tag="245" ind1=" " ind2=" ">
        <subfield code="a">Missa. Praeter rerum seriem</subfield>
      </datafield>
      <datafield tag="300" ind1=" " ind2=" ">
        <subfield code="a">Choirbook, fol. 189-229</subfield>
        <subfield code="8">01</subfield>
      </datafield>
      <datafield tag="500" ind1=" " ind2=" ">
        <subfield code="a"/>
        <subfield code="a">Textnachweis: Ordinarium missae</subfield>
        <subfield code="a">Mehrstimmige Vorlage: Josquin Desprez, Praeter rerum seriem, ? v. (Josquin W, Mot. vol. 2,  Nr. 33, p. 21-28)</subfield>
        <subfield code="a">Titel im Index: Missa. Praeter rerum seriem</subfield>
        <subfield code="a">Komponist im Index: Georgius de la Hele</subfield>
        <subfield code="a">Ordinarium missae</subfield>
        <subfield code="a">La Hèle, George de</subfield>
        <subfield code="a">Missa Praeter rerum seriem</subfield>
        <subfield code="a">Georgius de la Hele</subfield>
      </datafield>
      <datafield tag="691" ind1=" " ind2=" ">
        <subfield code="a">La Hele CW</subfield>
        <subfield code="n">vol. 2,  p. 210-255</subfield>
        <subfield code="0"> p. 210-255</subfield>
      </datafield>
      <datafield tag="730" ind1=" " ind2=" ">
        <subfield code="a">Missa Praeter rerum seriem</subfield>
      </datafield>
      <datafield tag="730" ind1=" " ind2=" ">
        <subfield code="a">Missa. Praeter rerum seriem</subfield>
      </datafield>
      <datafield tag="730" ind1=" " ind2=" ">
        <subfield code="a">Messe</subfield>
      </datafield>
      <datafield tag="773" ind1=" " ind2=" ">
        <subfield code="w">85700007</subfield>
      </datafield>
      <datafield tag="852" ind1=" " ind2=" ">
        <subfield code="a">V-CVbav</subfield>
        <subfield code="c">CS 80</subfield>
        <subfield code="z">Fondo Cappella Sistina</subfield>
      </datafield>
      <datafield tag="593" ind1=" " ind2=" ">
        <subfield code="a">Print</subfield>
        <subfield code="8">01</subfield>
      </datafield>
      <datafield tag="594" ind1=" " ind2=" ">
        <subfield code="b">S</subfield>
        <subfield code="c">2</subfield>
      </datafield>
      <datafield tag="594" ind1=" " ind2=" ">
        <subfield code="b">T</subfield>
        <subfield code="c">2</subfield>
      </datafield>
      <datafield tag="594" ind1=" " ind2=" ">
        <subfield code="b">A</subfield>
        <subfield code="c">2</subfield>
      </datafield>
      <datafield tag="594" ind1=" " ind2=" ">
        <subfield code="b">B</subfield>
        <subfield code="c">2</subfield>
      </datafield>
    </record>