
    <record>
      <leader>00000ncd a2200000 u 4500</leader>
      <controlfield tag="001">85701115</controlfield>
      <datafield tag="031" ind1=" " ind2=" ">
        <subfield code="a">1</subfield>
        <subfield code="b">1</subfield>
        <subfield code="c">1</subfield>
        <subfield code="d">Missa Benedicta es coelorum Regina</subfield>
        <subfield code="t">Kyrie</subfield>
        <subfield code="m">SS2TB2|AA2B</subfield>
        <subfield code="q">composed by La Hèle, George de</subfield>
        <subfield code="q">tttt|ttt</subfield>
      </datafield>
      <datafield tag="031" ind1=" " ind2=" ">
        <subfield code="a">1</subfield>
        <subfield code="b">2</subfield>
        <subfield code="c">1</subfield>
        <subfield code="d">Missa Benedicta es coelorum Regina</subfield>
        <subfield code="t">Gloria / Domine Deus agnus Dei / Qui tollis</subfield>
        <subfield code="m">SS2TB2|AA2B / S2T|AB2 / SS2TB2|AA2B</subfield>
        <subfield code="q">composed by La Hèle, George de</subfield>
        <subfield code="q">tttt|ttt / tt|tt / tttt|ttt. Reduktion des Apparats bei Domine Deus Agnus Dei filius Patris ohne Anmerkungen.</subfield>
      </datafield>
      <datafield tag="031" ind1=" " ind2=" ">
        <subfield code="a">1</subfield>
        <subfield code="b">3</subfield>
        <subfield code="c">1</subfield>
        <subfield code="d">Missa Benedicta es coelorum Regina</subfield>
        <subfield code="t">Credo / Et resurrexit / Et in spiritum</subfield>
        <subfield code="m">SS2TB2|AA2B / ST|A2B / SS2TB2|AA2B</subfield>
        <subfield code="q">composed by La Hèle, George de</subfield>
        <subfield code="q">tttt|ttt / tt|tt / tttt|ttt. Lesefeld 255 links "Superius sec. tacet" und Basis sec. tacet" rechts "Altus tacet" für Et resurrexit bis non erit finis.</subfield>
      </datafield>
      <datafield tag="031" ind1=" " ind2=" ">
        <subfield code="a">1</subfield>
        <subfield code="b">4</subfield>
        <subfield code="c">1</subfield>
        <subfield code="d">Missa Benedicta es coelorum Regina</subfield>
        <subfield code="t">Sanctus / Osanna / Benedictus</subfield>
        <subfield code="m">SS2TB2|AA2B / SS2TB2|AA2B / SA2|S2A</subfield>
        <subfield code="q">composed by La Hèle, George de</subfield>
        <subfield code="q">tttt|ttt / tttt|ttt / tt|tt</subfield>
      </datafield>
      <datafield tag="031" ind1=" " ind2=" ">
        <subfield code="a">1</subfield>
        <subfield code="b">5</subfield>
        <subfield code="c">1</subfield>
        <subfield code="d">Missa Benedicta es coelorum Regina</subfield>
        <subfield code="t">Agnus Dei</subfield>
        <subfield code="m">SS2TT2|AA2BB2; S2: Canon: "Trinitas in unitate" (A2/T) cum res.</subfield>
        <subfield code="q">composed by La Hèle, George de</subfield>
        <subfield code="q">tttt|ttt. Lesefeld 266 in Superius 2: "Canon Trinitas in unitate" für das gesamte Agnus Dei, was die Stimmenzahl auf letztendlich zur Zehnstimmigkeit erweitert. </subfield>
      </datafield>
      <datafield tag="100" ind1=" " ind2=" ">
        <subfield code="a">La Hèle, George de</subfield>
      </datafield>
      <datafield tag="240" ind1=" " ind2=" ">
        <subfield code="a">Missa Benedicta es coelorum Regina</subfield>
        <subfield code="m">V (12)</subfield>
      </datafield>
      <datafield tag="245" ind1=" " ind2=" ">
        <subfield code="a">Missa. Benedicta es coelorum</subfield>
      </datafield>
      <datafield tag="300" ind1=" " ind2=" ">
        <subfield code="a">Choirbook, fol. 231-270</subfield>
        <subfield code="8">01</subfield>
      </datafield>
      <datafield tag="500" ind1=" " ind2=" ">
        <subfield code="a"/>
        <subfield code="a">Textnachweis: Ordinarium missae</subfield>
        <subfield code="a">Mehrstimmige Vorlage: Josquin Desprez, Motette Benedicta es coelorum regina, ? v. (Josquin W, Mot. vol. 3, Nr. 46, p. 11-19)</subfield>
        <subfield code="a">Titel im Index: Missa. Benedicta es coelorum</subfield>
        <subfield code="a">Komponist im Index: Georgius de la Hele</subfield>
        <subfield code="a">Ordinarium missae</subfield>
        <subfield code="a">La Hèle, George de</subfield>
        <subfield code="a">Missa Benedicta es coelorum Regina</subfield>
        <subfield code="a">Georgius de la Hele</subfield>
      </datafield>
      <datafield tag="691" ind1=" " ind2=" ">
        <subfield code="a">La Hele CW</subfield>
        <subfield code="n">vol. 2,  p. 256-306</subfield>
        <subfield code="0"> p. 256-306</subfield>
      </datafield>
      <datafield tag="730" ind1=" " ind2=" ">
        <subfield code="a">Missa Benedicta es coelorum Regina</subfield>
      </datafield>
      <datafield tag="730" ind1=" " ind2=" ">
        <subfield code="a">Missa. Benedicta es coelorum</subfield>
      </datafield>
      <datafield tag="730" ind1=" " ind2=" ">
        <subfield code="a">Messe</subfield>
      </datafield>
      <datafield tag="773" ind1=" " ind2=" ">
        <subfield code="w">85700007</subfield>
      </datafield>
      <datafield tag="852" ind1=" " ind2=" ">
        <subfield code="a">V-CVbav</subfield>
        <subfield code="c">CS 80</subfield>
        <subfield code="z">Fondo Cappella Sistina</subfield>
      </datafield>
      <datafield tag="593" ind1=" " ind2=" ">
        <subfield code="a">Print</subfield>
        <subfield code="8">01</subfield>
      </datafield>
      <datafield tag="594" ind1=" " ind2=" ">
        <subfield code="b">C</subfield>
        <subfield code="c">1</subfield>
      </datafield>
      <datafield tag="594" ind1=" " ind2=" ">
        <subfield code="b">S</subfield>
        <subfield code="c">3</subfield>
      </datafield>
      <datafield tag="594" ind1=" " ind2=" ">
        <subfield code="b">T</subfield>
        <subfield code="c">3</subfield>
      </datafield>
      <datafield tag="594" ind1=" " ind2=" ">
        <subfield code="b">A</subfield>
        <subfield code="c">3</subfield>
      </datafield>
      <datafield tag="594" ind1=" " ind2=" ">
        <subfield code="b">B</subfield>
        <subfield code="c">2</subfield>
      </datafield>
    </record>