
  </content>
  <record>
    <leader>00000ncc a2200000 u 4500</leader>
    <controlfield tag="001">85700008</controlfield>
    <datafield tag="041" ind1=" " ind2=" ">
      <subfield code="a">lat</subfield>
    </datafield>
    <datafield tag="100" ind1=" " ind2=" ">
      <subfield code="a">Tomás Luis de Victoria</subfield>
    </datafield>
    <datafield tag="130" ind1=" " ind2=" ">
      <subfield code="a">Sacred songs</subfield>
    </datafield>
    <datafield tag="245" ind1=" " ind2=" ">
      <subfield code="a">THOMAE LVDOVICI | A VICTORIA ABVLENSISI | CANTICA B. VIRGINIS | VVLGO MAGNIFICAT | QVATVOR VOCIBVS.</subfield>
    </datafield>
    <datafield tag="260" ind1=" " ind2=" ">
      <subfield code="a">Rom</subfield>
      <subfield code="b">Roma: Francesco Zanetto, gedruckt bei Domenico Basa</subfield>
      <subfield code="c">1581</subfield>
      <subfield code="8">01</subfield>
    </datafield>
    <datafield tag="300" ind1=" " ind2=" ">
      <subfield code="a">1 choirbook: 92f.</subfield>
      <subfield code="b">Papier</subfield>
      <subfield code="c">555x393</subfield>
      <subfield code="8">01</subfield>
    </datafield>
    <datafield tag="500" ind1=" " ind2=" ">
      <subfield code="a">Aktuelle Lagenstrukturen: f01,f02, III1 ...III180, f03</subfield>
      <subfield code="8">01</subfield>
    </datafield>
    <datafield tag="500" ind1=" " ind2=" ">
      <subfield code="a"/>
      <subfield code="a">THOMAE LVDOVICI / A VICTORIA ABVLENSISI / CANTICA B. VIRGINIS / VVLGO MAGNIFICAT / QVATVOR VOCIBVS.</subfield>
      <subfield code="a">Aktuelle Blattzählung: [01-02]  [1]-179 [180] [03] Seitenzählung arab. rechts oben</subfield>
      <subfield code="a">Notation: weiß mensural</subfield>
      <subfield code="a">Signatur: Auf dem Rücken sind verschiedene Zahlen vorhanden: Ein Aufkleber mit "Capp. Sist. 81", darunter ein fast verfressener ebenfalls mit "81", wiederum darunter mit schwarzem Filzstift o.ä. die Zahl "66" durchgestrichen und darunter die Zahl "67" gesetzt. Weiter die Zahl "40" mit weißer Farbe und darunter mit gleicher Farbe ein "G.".</subfield>
      <subfield code="a">Dekoration: Schönes Kupferstich-Frontspiz (190 x 281 mm) in dem links die Tugend Fides und rechts Caritas das mittlere Wappen des Widmungsträgers Michael Bonello halten.</subfield>
      <subfield code="a">Der Rücken ist fast völlig aufgelöst und die Bindung ist vor allem bei den ersten und letzten Seiten bereits aus den Nähten, innen jedoch  keine Nutzungsspuren. Der vordere Einband ist samt dem Vorsatz und Titelblatt getrennt abnehmbar.</subfield>
      <subfield code="a">Blattzählung original rechts unten eingedruckt [A]-A3 (=[1]-5), B-B3 (=13-17) ... [ohne J] P-P3 (=169-173).</subfield>
      <subfield code="a">Bogensignaturen original rechts unten eingedruckt, allerdings Seitenzählung [A]-A3 (=[1]-5), B-B3 (=13-17) ... P-P3 (=169-173).</subfield>
      <subfield code="a">12 Fünfliniensysteme</subfield>
      <subfield code="a">Rom: Domenico Basa</subfield>
    </datafield>
    <datafield tag="563" ind1=" " ind2=" ">
      <subfield code="a">Dicke Pappe mit rotem Leder bezogen. Eingestanzte Linien als Rahmen. Äußerer Rahmen (Außenmaße 560 x 398) mit Goldlinie in der Mitte (540 x 376). Innerer Rahmen (Außenmaße 454 x 290) mit doppelter Goldlinie (Außenmaße 435 x 270, Innenmaße 413 x 249) zwischen denen sich an den Ecken und in den Seitenmitten Pflanzenornamente in deren Mitte eine Rosette (Durchmesser 11 mm) liegt. Diese Rosette ist auch in den vier Ecken innerhalb des doppeltem Goldrahmens. befinden. Auf den Ecken dieses Goldrahmens ist nach außen hin der Drachen aus dem Wappen Gregors gesetzt. In der Mitte ist das Papstwappen Gregor XIII. eingeprägt. Die Rückseite des Kodex ist identisch.</subfield>
      <subfield code="8">01</subfield>
    </datafield>
    <datafield tag="593" ind1=" " ind2=" ">
      <subfield code="a">Print</subfield>
      <subfield code="8">01</subfield>
    </datafield>
    <datafield tag="650" ind1=" " ind2=" ">
      <subfield code="a">Cantica Beatae Virginis</subfield>
    </datafield>
    <datafield tag="691" ind1=" " ind2=" ">
      <subfield code="a">RISM V1430</subfield>
    </datafield>
    <datafield tag="691" ind1=" " ind2=" ">
      <subfield code="a">HaberlV 1888</subfield>
      <subfield code="n">p. 30</subfield>
      <subfield code="0">3122</subfield>
    </datafield>
    <datafield tag="691" ind1=" " ind2=" ">
      <subfield code="a">LlorensS 1960</subfield>
      <subfield code="n">p. 136</subfield>
      <subfield code="0">144</subfield>
    </datafield>
    <datafield tag="691" ind1=" " ind2=" ">
      <subfield code="a">PanuzziL 1687</subfield>
      <subfield code="n">036</subfield>
      <subfield code="0">41001975</subfield>
    </datafield>
    <datafield tag="691" ind1=" " ind2=" ">
      <subfield code="a">CeliL 1753</subfield>
      <subfield code="n">A081</subfield>
      <subfield code="0">41001973</subfield>
    </datafield>
    <datafield tag="691" ind1=" " ind2=" ">
      <subfield code="a">StoraceP 1813</subfield>
      <subfield code="n">A081</subfield>
      <subfield code="0">41001976</subfield>
    </datafield>
    <datafield tag="691" ind1=" " ind2=" ">
      <subfield code="a">SalvatiL 1863</subfield>
      <subfield code="n">081</subfield>
      <subfield code="0">41001978</subfield>
    </datafield>
    <datafield tag="700" ind1=" " ind2=" ">
      <subfield code="a">Kard. Michael Brunelli</subfield>
      <subfield code="4">oth</subfield>
    </datafield>
    <datafield tag="700" ind1=" " ind2=" ">
      <subfield code="a">Roma: Francesco Zanetto, gedruckt bei Domenico Basa</subfield>
      <subfield code="4">oth</subfield>
    </datafield>
    <datafield tag="710" ind1=" " ind2=" ">
      <subfield code="a">Capella Sistina</subfield>
      <subfield code="0">51000666</subfield>
      <subfield code="4">evp</subfield>
    </datafield>
    <datafield tag="774" ind1=" " ind2=" ">
      <subfield code="w">85701116</subfield>
    </datafield>
    <datafield tag="774" ind1=" " ind2=" ">
      <subfield code="w">85701117</subfield>
    </datafield>
    <datafield tag="774" ind1=" " ind2=" ">
      <subfield code="w">85701118</subfield>
    </datafield>
    <datafield tag="774" ind1=" " ind2=" ">
      <subfield code="w">85701119</subfield>
    </datafield>
    <datafield tag="774" ind1=" " ind2=" ">
      <subfield code="w">85701120</subfield>
    </datafield>
    <datafield tag="774" ind1=" " ind2=" ">
      <subfield code="w">85701121</subfield>
    </datafield>
    <datafield tag="774" ind1=" " ind2=" ">
      <subfield code="w">85701122</subfield>
    </datafield>
    <datafield tag="774" ind1=" " ind2=" ">
      <subfield code="w">85701123</subfield>
    </datafield>
    <datafield tag="774" ind1=" " ind2=" ">
      <subfield code="w">85701124</subfield>
    </datafield>
    <datafield tag="774" ind1=" " ind2=" ">
      <subfield code="w">85701125</subfield>
    </datafield>
    <datafield tag="774" ind1=" " ind2=" ">
      <subfield code="w">85701126</subfield>
    </datafield>
    <datafield tag="774" ind1=" " ind2=" ">
      <subfield code="w">85701127</subfield>
    </datafield>
    <datafield tag="774" ind1=" " ind2=" ">
      <subfield code="w">85701128</subfield>
    </datafield>
    <datafield tag="774" ind1=" " ind2=" ">
      <subfield code="w">85701129</subfield>
    </datafield>
    <datafield tag="774" ind1=" " ind2=" ">
      <subfield code="w">85701130</subfield>
    </datafield>
    <datafield tag="774" ind1=" " ind2=" ">
      <subfield code="w">85701131</subfield>
    </datafield>
    <datafield tag="774" ind1=" " ind2=" ">
      <subfield code="w">85701132</subfield>
    </datafield>
    <datafield tag="774" ind1=" " ind2=" ">
      <subfield code="w">85701133</subfield>
    </datafield>
    <datafield tag="774" ind1=" " ind2=" ">
      <subfield code="w">85701134</subfield>
    </datafield>
    <datafield tag="774" ind1=" " ind2=" ">
      <subfield code="w">85701135</subfield>
    </datafield>
    <datafield tag="774" ind1=" " ind2=" ">
      <subfield code="w">85701136</subfield>
    </datafield>
    <datafield tag="774" ind1=" " ind2=" ">
      <subfield code="w">85701137</subfield>
    </datafield>
    <datafield tag="774" ind1=" " ind2=" ">
      <subfield code="w">85701138</subfield>
    </datafield>
    <datafield tag="774" ind1=" " ind2=" ">
      <subfield code="w">85701139</subfield>
    </datafield>
    <datafield tag="852" ind1=" " ind2=" ">
      <subfield code="a">V-CVbav</subfield>
      <subfield code="c">CS 81</subfield>
      <subfield code="d">036</subfield>
      <subfield code="d">081</subfield>
      <subfield code="d">A081</subfield>
      <subfield code="z">Fondo Cappella Sistina</subfield>
    </datafield>
  </record>