
    <record>
      <leader>00000ncd a2200000 u 4500</leader>
      <controlfield tag="001">85701126</controlfield>
      <datafield tag="031" ind1=" " ind2=" ">
        <subfield code="a">1</subfield>
        <subfield code="b">1</subfield>
        <subfield code="c">1</subfield>
        <subfield code="d">Magnificat (sexti toni)</subfield>
        <subfield code="t">Magnificat - Anima mea</subfield>
        <subfield code="m">T - ST|AB</subfield>
        <subfield code="q">composed by Victoria, Tomás Luis de</subfield>
        <subfield code="q">Intonation im Tenor. Nur ungerade Verse. </subfield>
      </datafield>
      <datafield tag="031" ind1=" " ind2=" ">
        <subfield code="a">1</subfield>
        <subfield code="b">2</subfield>
        <subfield code="c">1</subfield>
        <subfield code="d">Magnificat (sexti toni)</subfield>
        <subfield code="t">Quia respexit</subfield>
        <subfield code="m">ST|AB</subfield>
        <subfield code="q">composed by Victoria, Tomás Luis de</subfield>
      </datafield>
      <datafield tag="031" ind1=" " ind2=" ">
        <subfield code="a">1</subfield>
        <subfield code="b">3</subfield>
        <subfield code="c">1</subfield>
        <subfield code="d">Magnificat (sexti toni)</subfield>
        <subfield code="t">Et misericordiae</subfield>
        <subfield code="m">T|AB</subfield>
        <subfield code="q">composed by Victoria, Tomás Luis de</subfield>
        <subfield code="q">Im Cantus "Et misericodiae tacet".</subfield>
      </datafield>
      <datafield tag="031" ind1=" " ind2=" ">
        <subfield code="a">1</subfield>
        <subfield code="b">4</subfield>
        <subfield code="c">1</subfield>
        <subfield code="d">Magnificat (sexti toni)</subfield>
        <subfield code="t">Deposuit</subfield>
        <subfield code="m">ST|AB</subfield>
        <subfield code="q">composed by Victoria, Tomás Luis de</subfield>
      </datafield>
      <datafield tag="031" ind1=" " ind2=" ">
        <subfield code="a">1</subfield>
        <subfield code="b">5</subfield>
        <subfield code="c">1</subfield>
        <subfield code="d">Magnificat (sexti toni)</subfield>
        <subfield code="t">Suscepit</subfield>
        <subfield code="m">ST|AB</subfield>
        <subfield code="q">composed by Victoria, Tomás Luis de</subfield>
      </datafield>
      <datafield tag="031" ind1=" " ind2=" ">
        <subfield code="a">1</subfield>
        <subfield code="b">6</subfield>
        <subfield code="c">1</subfield>
        <subfield code="d">Magnificat (sexti toni)</subfield>
        <subfield code="t">Gloria Patri</subfield>
        <subfield code="m">S(T2)T|AB</subfield>
        <subfield code="q">composed by Victoria, Tomás Luis de</subfield>
        <subfield code="q">Im Sopran ist ein Kanon eingezeichnet. Auf p. 86 ist dessen "Resolutio" angegeben. Daraus ergibt sich ein Canon in subdiapason.</subfield>
      </datafield>
      <datafield tag="100" ind1=" " ind2=" ">
        <subfield code="a">Victoria, Tomás Luis de</subfield>
      </datafield>
      <datafield tag="240" ind1=" " ind2=" ">
        <subfield code="a">Magnificat (sexti toni)</subfield>
        <subfield code="m">V (5)</subfield>
      </datafield>
      <datafield tag="245" ind1=" " ind2=" ">
        <subfield code="a">Sexti toni. Anima mea</subfield>
      </datafield>
      <datafield tag="300" ind1=" " ind2=" ">
        <subfield code="a">Choirbook, fol. 80-87</subfield>
        <subfield code="8">01</subfield>
      </datafield>
      <datafield tag="500" ind1=" " ind2=" ">
        <subfield code="a"/>
        <subfield code="a">Textnachweis: Magnificat (Lc 1,46-55), GR, p. [166], Amo, p. 129, 727</subfield>
        <subfield code="a">Titel im Index: Sexti toni. Anima mea</subfield>
        <subfield code="a">Magnificat</subfield>
        <subfield code="a">Victoria, Tomás Luis de</subfield>
        <subfield code="a">Magnificat (sexti toni)</subfield>
      </datafield>
      <datafield tag="657" ind1=" " ind2=" ">
        <subfield code="a">Magnificat</subfield>
      </datafield>
      <datafield tag="691" ind1=" " ind2=" ">
        <subfield code="a">Victoria OO</subfield>
        <subfield code="n">vol. 3,  p. 52-60.</subfield>
        <subfield code="0"> p. 52-60.</subfield>
      </datafield>
      <datafield tag="730" ind1=" " ind2=" ">
        <subfield code="a">Magnificat (sexti toni)</subfield>
      </datafield>
      <datafield tag="730" ind1=" " ind2=" ">
        <subfield code="a">Sexti toni. Anima mea</subfield>
      </datafield>
      <datafield tag="730" ind1=" " ind2=" ">
        <subfield code="a">Magnificat</subfield>
      </datafield>
      <datafield tag="773" ind1=" " ind2=" ">
        <subfield code="w">85700008</subfield>
      </datafield>
      <datafield tag="852" ind1=" " ind2=" ">
        <subfield code="a">V-CVbav</subfield>
        <subfield code="c">CS 81</subfield>
        <subfield code="z">Fondo Cappella Sistina</subfield>
      </datafield>
      <datafield tag="593" ind1=" " ind2=" ">
        <subfield code="a">Print</subfield>
        <subfield code="8">01</subfield>
      </datafield>
      <datafield tag="594" ind1=" " ind2=" ">
        <subfield code="b">S</subfield>
        <subfield code="c">1</subfield>
      </datafield>
      <datafield tag="594" ind1=" " ind2=" ">
        <subfield code="b">T</subfield>
        <subfield code="c">2</subfield>
      </datafield>
      <datafield tag="594" ind1=" " ind2=" ">
        <subfield code="b">A</subfield>
        <subfield code="c">1</subfield>
      </datafield>
      <datafield tag="594" ind1=" " ind2=" ">
        <subfield code="b">B</subfield>
        <subfield code="c">1</subfield>
      </datafield>
    </record>