
    <record>
      <leader>00000ncd a2200000 u 4500</leader>
      <controlfield tag="001">85701136</controlfield>
      <datafield tag="031" ind1=" " ind2=" ">
        <subfield code="a">1</subfield>
        <subfield code="b">1</subfield>
        <subfield code="c">1</subfield>
        <subfield code="d">Regina coeli</subfield>
        <subfield code="t">Regina caeli</subfield>
        <subfield code="m">STA2+|AB</subfield>
        <subfield code="q">composed by Victoria, Tomás Luis de</subfield>
      </datafield>
      <datafield tag="031" ind1=" " ind2=" ">
        <subfield code="a">1</subfield>
        <subfield code="b">2</subfield>
        <subfield code="c">1</subfield>
        <subfield code="d">Regina coeli</subfield>
        <subfield code="t">Resurrexit sicut dixit</subfield>
        <subfield code="m">STA2|AB</subfield>
        <subfield code="q">composed by Victoria, Tomás Luis de</subfield>
      </datafield>
      <datafield tag="100" ind1=" " ind2=" ">
        <subfield code="a">Victoria, Tomás Luis de</subfield>
      </datafield>
      <datafield tag="240" ind1=" " ind2=" ">
        <subfield code="a">Regina coeli</subfield>
        <subfield code="m">V (5)</subfield>
      </datafield>
      <datafield tag="245" ind1=" " ind2=" ">
        <subfield code="a">Regina caeli</subfield>
      </datafield>
      <datafield tag="300" ind1=" " ind2=" ">
        <subfield code="a">Choirbook, fol. 148-151</subfield>
        <subfield code="8">01</subfield>
      </datafield>
      <datafield tag="500" ind1=" " ind2=" ">
        <subfield code="a"/>
        <subfield code="a">Textnachweis: CAO 4597, AR, p. 67, 69-I, LU, p. 275, 278</subfield>
        <subfield code="a">Titel im Index: Regina caeli</subfield>
        <subfield code="a">Dominica ad completorium</subfield>
        <subfield code="a">V 1421 (1572)</subfield>
        <subfield code="a">Gardano (Söhne)</subfield>
        <subfield code="a">n. 18</subfield>
        <subfield code="a">Victoria, Tomás Luis de</subfield>
        <subfield code="a">Regina coeli</subfield>
        <subfield code="a">V 1422 (1583)</subfield>
        <subfield code="a">Gardano, Alessandro</subfield>
        <subfield code="a">n. 24</subfield>
        <subfield code="a">Victoria, Tomás Luis de</subfield>
        <subfield code="a">Regina coeli</subfield>
        <subfield code="a">V 1423 (1589)</subfield>
        <subfield code="a">Francesco und Erben Tini</subfield>
        <subfield code="a">n. 24</subfield>
        <subfield code="a">Victoria, Tomás Luis de</subfield>
        <subfield code="a">Regina coeli</subfield>
        <subfield code="a">V 1424 (1589)</subfield>
        <subfield code="a">Mayer</subfield>
        <subfield code="a">n. 24</subfield>
        <subfield code="a">Victoria, Tomás Luis de</subfield>
        <subfield code="a">Regina coeli</subfield>
        <subfield code="a">V 1425 (1609)</subfield>
        <subfield code="a">Gardano, Angelo</subfield>
        <subfield code="a">n. 24</subfield>
        <subfield code="a">Victoria, Tomás Luis de</subfield>
        <subfield code="a">Regina coeli</subfield>
        <subfield code="a">V 1427 (1576)</subfield>
        <subfield code="a">Gardano, Angelo</subfield>
        <subfield code="a">n. 3</subfield>
        <subfield code="a">Victoria, Tomás Luis de</subfield>
        <subfield code="a">Regina coeli</subfield>
        <subfield code="a">V 1430 (1581)</subfield>
        <subfield code="a">Zanetti (gedruckt bei Dominico Basa)</subfield>
        <subfield code="a">n. 5</subfield>
        <subfield code="a">Victoria, Tomás Luis de</subfield>
        <subfield code="a">Regina coeli</subfield>
      </datafield>
      <datafield tag="657" ind1=" " ind2=" ">
        <subfield code="a">Dominica ad completorium</subfield>
      </datafield>
      <datafield tag="691" ind1=" " ind2=" ">
        <subfield code="a">Victoria OO</subfield>
        <subfield code="n">vol. 7,  p. 91-94</subfield>
        <subfield code="0"> p. 91-94</subfield>
      </datafield>
      <datafield tag="691" ind1=" " ind2=" ">
        <subfield code="a">Victoria MME</subfield>
        <subfield code="n">vol. 31,  p. 40-45.</subfield>
        <subfield code="0"> p. 40-45.</subfield>
      </datafield>
      <datafield tag="730" ind1=" " ind2=" ">
        <subfield code="a">Regina coeli</subfield>
      </datafield>
      <datafield tag="730" ind1=" " ind2=" ">
        <subfield code="a">Regina caeli</subfield>
      </datafield>
      <datafield tag="730" ind1=" " ind2=" ">
        <subfield code="a">Antiphon</subfield>
      </datafield>
      <datafield tag="773" ind1=" " ind2=" ">
        <subfield code="w">85700008</subfield>
      </datafield>
      <datafield tag="852" ind1=" " ind2=" ">
        <subfield code="a">V-CVbav</subfield>
        <subfield code="c">CS 81</subfield>
        <subfield code="z">Fondo Cappella Sistina</subfield>
      </datafield>
      <datafield tag="593" ind1=" " ind2=" ">
        <subfield code="a">Print</subfield>
        <subfield code="8">01</subfield>
      </datafield>
      <datafield tag="594" ind1=" " ind2=" ">
        <subfield code="b">S</subfield>
        <subfield code="c">1</subfield>
      </datafield>
      <datafield tag="594" ind1=" " ind2=" ">
        <subfield code="b">T</subfield>
        <subfield code="c">1</subfield>
      </datafield>
      <datafield tag="594" ind1=" " ind2=" ">
        <subfield code="b">A</subfield>
        <subfield code="c">2</subfield>
      </datafield>
      <datafield tag="594" ind1=" " ind2=" ">
        <subfield code="b">B</subfield>
        <subfield code="c">1</subfield>
      </datafield>
    </record>