
    <record>
      <leader>00000ncd a2200000 u 4500</leader>
      <controlfield tag="001">85701139</controlfield>
      <datafield tag="031" ind1=" " ind2=" ">
        <subfield code="a">1</subfield>
        <subfield code="b">1</subfield>
        <subfield code="c">1</subfield>
        <subfield code="d">Salve Regina</subfield>
        <subfield code="t">Salve Regina</subfield>
        <subfield code="m">SS2AB</subfield>
        <subfield code="q">composed by Victoria, Tomás Luis de</subfield>
        <subfield code="q">Cantus tert., Alt. sec., Tenor und Bas.sec. "Salve tacet".</subfield>
      </datafield>
      <datafield tag="031" ind1=" " ind2=" ">
        <subfield code="a">1</subfield>
        <subfield code="b">2</subfield>
        <subfield code="c">1</subfield>
        <subfield code="d">Salve Regina</subfield>
        <subfield code="t">Vita dulcedo</subfield>
        <subfield code="m">S3A2T2B2</subfield>
        <subfield code="q">composed by Victoria, Tomás Luis de</subfield>
        <subfield code="q">Cantus, Cantus sec, Altus und Bassus "Vita tacet".</subfield>
      </datafield>
      <datafield tag="031" ind1=" " ind2=" ">
        <subfield code="a">1</subfield>
        <subfield code="b">3</subfield>
        <subfield code="c">1</subfield>
        <subfield code="d">Salve Regina</subfield>
        <subfield code="t">Ad te clamamus</subfield>
        <subfield code="m">SS2AB</subfield>
        <subfield code="q">composed by Victoria, Tomás Luis de</subfield>
        <subfield code="q">Cantus tert., Alt. sec., Tenor und Bas.sec. "Ad te tacet".</subfield>
      </datafield>
      <datafield tag="031" ind1=" " ind2=" ">
        <subfield code="a">1</subfield>
        <subfield code="b">4</subfield>
        <subfield code="c">1</subfield>
        <subfield code="d">Salve Regina</subfield>
        <subfield code="t">Ad te suspiramus</subfield>
        <subfield code="m">S3A2T2B2</subfield>
        <subfield code="q">composed by Victoria, Tomás Luis de</subfield>
        <subfield code="q">Cantus, Cantus sec, Altus und Bassus "Vita tacet".</subfield>
      </datafield>
      <datafield tag="031" ind1=" " ind2=" ">
        <subfield code="a">1</subfield>
        <subfield code="b">5</subfield>
        <subfield code="c">1</subfield>
        <subfield code="d">Salve Regina</subfield>
        <subfield code="t">Eia ergo advocata nostra</subfield>
        <subfield code="m">SS2AB|S3A2T2B2</subfield>
        <subfield code="q">composed by Victoria, Tomás Luis de</subfield>
      </datafield>
      <datafield tag="031" ind1=" " ind2=" ">
        <subfield code="a">1</subfield>
        <subfield code="b">6</subfield>
        <subfield code="c">1</subfield>
        <subfield code="d">Salve Regina</subfield>
        <subfield code="t">Et Iesum bendictum fructum</subfield>
        <subfield code="m">SS2|AB</subfield>
        <subfield code="q">composed by Victoria, Tomás Luis de</subfield>
      </datafield>
      <datafield tag="031" ind1=" " ind2=" ">
        <subfield code="a">1</subfield>
        <subfield code="b">7</subfield>
        <subfield code="c">1</subfield>
        <subfield code="d">Salve Regina</subfield>
        <subfield code="t">O clemens o pia</subfield>
        <subfield code="m">SS2AB|S3A2T2B2</subfield>
        <subfield code="q">composed by Victoria, Tomás Luis de</subfield>
      </datafield>
      <datafield tag="100" ind1=" " ind2=" ">
        <subfield code="a">Victoria, Tomás Luis de</subfield>
      </datafield>
      <datafield tag="240" ind1=" " ind2=" ">
        <subfield code="a">Salve Regina</subfield>
        <subfield code="m">V (8)</subfield>
      </datafield>
      <datafield tag="245" ind1=" " ind2=" ">
        <subfield code="a">Salve Regina. In Sabbato Sancto</subfield>
      </datafield>
      <datafield tag="300" ind1=" " ind2=" ">
        <subfield code="a">Choirbook, fol. 168-179</subfield>
        <subfield code="8">01</subfield>
      </datafield>
      <datafield tag="500" ind1=" " ind2=" ">
        <subfield code="a"/>
        <subfield code="a">Textnachweis: AH 50,318, RH 18417, AR, p. 68, 69-I, AMo, p. 176 - 177, 180, LU, p. 279</subfield>
        <subfield code="a">Titel im Index: Salve Regina. In Sabbato Sancto</subfield>
        <subfield code="a">Dominica ad completorium</subfield>
        <subfield code="a">V 1422 (1583)</subfield>
        <subfield code="a">Gardano, Alessandro</subfield>
        <subfield code="a">n. 47</subfield>
        <subfield code="a">Victoria, Tomás Luis de</subfield>
        <subfield code="a">Salve Regina</subfield>
        <subfield code="a">V 1423 (1589)</subfield>
        <subfield code="a">Francesco und Erben Tini</subfield>
        <subfield code="a">n. 47</subfield>
        <subfield code="a">Victoria, Tomás Luis de</subfield>
        <subfield code="a">Salve Regina</subfield>
        <subfield code="a">V 1424 (1589)</subfield>
        <subfield code="a">Mayer</subfield>
        <subfield code="a">n. 47</subfield>
        <subfield code="a">Victoria, Tomás Luis de</subfield>
        <subfield code="a">Salve Regina</subfield>
        <subfield code="a">V 1425 (1609)</subfield>
        <subfield code="a">Gardano, Angelo</subfield>
        <subfield code="a">n. 47</subfield>
        <subfield code="a">Victoria, Tomás Luis de</subfield>
        <subfield code="a">Salve Regina</subfield>
        <subfield code="a">V 1427 (1576)</subfield>
        <subfield code="a">Gardano, Angelo</subfield>
        <subfield code="a">n. 17</subfield>
        <subfield code="a">Victoria, Tomás Luis de</subfield>
        <subfield code="a">Salve Regina</subfield>
        <subfield code="a">V 1430 (1581)</subfield>
        <subfield code="a">Zanetti (gedruckt bei Dominico Basa)</subfield>
        <subfield code="a">n. 8</subfield>
        <subfield code="a">Victoria, Tomás Luis de</subfield>
        <subfield code="a">Salve Regina</subfield>
        <subfield code="a">V 1435 (1600)</subfield>
        <subfield code="a">Johannes Flandrus</subfield>
        <subfield code="a">fol. 22</subfield>
        <subfield code="a">Victoria, Tomás Luis de</subfield>
        <subfield code="a">Salve Regina</subfield>
      </datafield>
      <datafield tag="657" ind1=" " ind2=" ">
        <subfield code="a">Dominica ad completorium</subfield>
      </datafield>
      <datafield tag="691" ind1=" " ind2=" ">
        <subfield code="a">Victoria OO</subfield>
        <subfield code="n">vol. 7,  p. 120-130</subfield>
        <subfield code="0"> p. 120-130</subfield>
      </datafield>
      <datafield tag="691" ind1=" " ind2=" ">
        <subfield code="a">Victoria MME</subfield>
        <subfield code="n">vol. 31,  p. 109-128.</subfield>
        <subfield code="0"> p. 109-128.</subfield>
      </datafield>
      <datafield tag="730" ind1=" " ind2=" ">
        <subfield code="a">Salve Regina</subfield>
      </datafield>
      <datafield tag="730" ind1=" " ind2=" ">
        <subfield code="a">Salve Regina. In Sabbato Sancto</subfield>
      </datafield>
      <datafield tag="730" ind1=" " ind2=" ">
        <subfield code="a">Antiphon</subfield>
      </datafield>
      <datafield tag="773" ind1=" " ind2=" ">
        <subfield code="w">85700008</subfield>
      </datafield>
      <datafield tag="852" ind1=" " ind2=" ">
        <subfield code="a">V-CVbav</subfield>
        <subfield code="c">CS 81</subfield>
        <subfield code="z">Fondo Cappella Sistina</subfield>
      </datafield>
      <datafield tag="593" ind1=" " ind2=" ">
        <subfield code="a">Print</subfield>
        <subfield code="8">01</subfield>
      </datafield>
      <datafield tag="594" ind1=" " ind2=" ">
        <subfield code="b">S</subfield>
        <subfield code="c">3</subfield>
      </datafield>
      <datafield tag="594" ind1=" " ind2=" ">
        <subfield code="b">T</subfield>
        <subfield code="c">1</subfield>
      </datafield>
      <datafield tag="594" ind1=" " ind2=" ">
        <subfield code="b">A</subfield>
        <subfield code="c">2</subfield>
      </datafield>
      <datafield tag="594" ind1=" " ind2=" ">
        <subfield code="b">B</subfield>
        <subfield code="c">2</subfield>
      </datafield>
    </record>