
  </content>
  <record>
    <leader>00000ncc a2200000 u 4500</leader>
    <controlfield tag="001">85700009</controlfield>
    <datafield tag="041" ind1=" " ind2=" ">
      <subfield code="a">lat</subfield>
    </datafield>
    <datafield tag="100" ind1=" " ind2=" ">
      <subfield code="a">Antonio Cifra</subfield>
    </datafield>
    <datafield tag="130" ind1=" " ind2=" ">
      <subfield code="a">Sacred songs</subfield>
    </datafield>
    <datafield tag="245" ind1=" " ind2=" ">
      <subfield code="a">ANTONII CIFRAE | ROMANI | IN ALMA AEDE LAVRENTANA | MVSICAE PRAEFECTI | MISSARVM | LIBER PRIMVS. | ... | ROMAE, | Apud Lucam Antonium Soldum. M. DC. XIX. | SVPERIORVM PERMISSV.</subfield>
    </datafield>
    <datafield tag="260" ind1=" " ind2=" ">
      <subfield code="a">Rom</subfield>
      <subfield code="b">Roma: Luca Antonio Soldi</subfield>
      <subfield code="c">1619</subfield>
      <subfield code="8">01</subfield>
    </datafield>
    <datafield tag="300" ind1=" " ind2=" ">
      <subfield code="a">1 choirbook: 132f.</subfield>
      <subfield code="b">Papier</subfield>
      <subfield code="c">535x398</subfield>
      <subfield code="8">01</subfield>
    </datafield>
    <datafield tag="500" ind1=" " ind2=" ">
      <subfield code="a">Aktuelle Lagenstrukturen: III1 ...III264, ohne Vor- und Nachsatzblatt.</subfield>
      <subfield code="8">01</subfield>
    </datafield>
    <datafield tag="500" ind1=" " ind2=" ">
      <subfield code="a"/>
      <subfield code="a">ANTONII CIFRAE / ROMANI / IN ALMA AEDE LAVRENTANA / MVSICAE PRAEFECTI / MISSARVM / LIBER PRIMVS. / ... / ROMAE, / Apud Lucam Antonium Soldum. M. DC. XIX. / SVPERIORVM PERMISSV.</subfield>
      <subfield code="a">Aktuelle Blattzählung: [1-2] 3-263 [264], Seitenzählung arab. rechts oben</subfield>
      <subfield code="a">Notation: weiß mensural</subfield>
      <subfield code="a">Signatur: Seite 1 rechts unten mit brauner Tinte "143".</subfield>
      <subfield code="a">Dekoration: Schönes Kupferstich-Frontspiz (248 x 195 mm) in dem links die Tugend Prudentia (mit den Attributen des Spiegels und der Schlange) sitzt und rechts Justitia mit der Waage und dem Schwert, in der Mitte etwas über ihnen das Medici-Wappen und darunter ein tanzender Puto</subfield>
      <subfield code="a">Rücken ist ein wenig wurmstichig, ansonsten aber sehr guter Erhaltungszustand. Auch die Bindung ist intakt.</subfield>
      <subfield code="a">Blattzählung original rechts unten eingedruckt [A]-A3 (=[1]-5), B-B3 (=13-17) ... [ohne J] Z-Z3 (=253-257)</subfield>
      <subfield code="a">Bogensignaturen original rechts unten eingedruckt, allerdings Seitenzählung [A]-A3 ... Z-Z3 (=[1] 3-163 [164])</subfield>
      <subfield code="a">12 Fünfliniensysteme</subfield>
      <subfield code="a">Rom: Luca Antonio Soldi</subfield>
    </datafield>
    <datafield tag="563" ind1=" " ind2=" ">
      <subfield code="a">Dicke Pappe mit hellgelbem Pergament bezogen, blank, kein Verschluß.</subfield>
      <subfield code="8">01</subfield>
    </datafield>
    <datafield tag="593" ind1=" " ind2=" ">
      <subfield code="a">Print</subfield>
      <subfield code="8">01</subfield>
    </datafield>
    <datafield tag="650" ind1=" " ind2=" ">
      <subfield code="a">Missarum liber primus</subfield>
    </datafield>
    <datafield tag="691" ind1=" " ind2=" ">
      <subfield code="a">RISM C2202</subfield>
    </datafield>
    <datafield tag="691" ind1=" " ind2=" ">
      <subfield code="a">HaberlV 1888</subfield>
      <subfield code="n">p. 30</subfield>
      <subfield code="0">3122</subfield>
    </datafield>
    <datafield tag="691" ind1=" " ind2=" ">
      <subfield code="a">LlorensS 1960</subfield>
      <subfield code="n">p. 137</subfield>
      <subfield code="0">144</subfield>
    </datafield>
    <datafield tag="691" ind1=" " ind2=" ">
      <subfield code="a">PanuzziL 1687</subfield>
      <subfield code="n">143</subfield>
      <subfield code="0">41001975</subfield>
    </datafield>
    <datafield tag="691" ind1=" " ind2=" ">
      <subfield code="a">CeliL 1753</subfield>
      <subfield code="n">A082</subfield>
      <subfield code="0">41001973</subfield>
    </datafield>
    <datafield tag="691" ind1=" " ind2=" ">
      <subfield code="a">StoraceP 1813</subfield>
      <subfield code="n">A082</subfield>
      <subfield code="0">41001976</subfield>
    </datafield>
    <datafield tag="691" ind1=" " ind2=" ">
      <subfield code="a">SalvatiL 1863</subfield>
      <subfield code="n">082</subfield>
      <subfield code="0">41001978</subfield>
    </datafield>
    <datafield tag="700" ind1=" " ind2=" ">
      <subfield code="a">Kard. Carolus Medici</subfield>
      <subfield code="4">oth</subfield>
    </datafield>
    <datafield tag="700" ind1=" " ind2=" ">
      <subfield code="a">Roma: Luca Antonio Soldi</subfield>
      <subfield code="4">oth</subfield>
    </datafield>
    <datafield tag="710" ind1=" " ind2=" ">
      <subfield code="a">Capella Sistina</subfield>
      <subfield code="0">51000666</subfield>
      <subfield code="4">evp</subfield>
    </datafield>
    <datafield tag="774" ind1=" " ind2=" ">
      <subfield code="w">85701140</subfield>
    </datafield>
    <datafield tag="774" ind1=" " ind2=" ">
      <subfield code="w">85701141</subfield>
    </datafield>
    <datafield tag="774" ind1=" " ind2=" ">
      <subfield code="w">85701142</subfield>
    </datafield>
    <datafield tag="774" ind1=" " ind2=" ">
      <subfield code="w">85701143</subfield>
    </datafield>
    <datafield tag="774" ind1=" " ind2=" ">
      <subfield code="w">85701144</subfield>
    </datafield>
    <datafield tag="774" ind1=" " ind2=" ">
      <subfield code="w">85701145</subfield>
    </datafield>
    <datafield tag="774" ind1=" " ind2=" ">
      <subfield code="w">85701146</subfield>
    </datafield>
    <datafield tag="852" ind1=" " ind2=" ">
      <subfield code="a">V-CVbav</subfield>
      <subfield code="c">CS 82</subfield>
      <subfield code="d">143</subfield>
      <subfield code="d">082</subfield>
      <subfield code="d">A082</subfield>
      <subfield code="z">Fondo Cappella Sistina</subfield>
    </datafield>
  </record>