
    <record>
      <leader>00000ncd a2200000 u 4500</leader>
      <controlfield tag="001">85701142</controlfield>
      <datafield tag="031" ind1=" " ind2=" ">
        <subfield code="a">1</subfield>
        <subfield code="b">1</subfield>
        <subfield code="c">1</subfield>
        <subfield code="d">Missa Tibi Christe splendor Patris</subfield>
        <subfield code="t">Kyrie</subfield>
        <subfield code="m">ST|AB</subfield>
        <subfield code="q">composed by Cifra, Antonio</subfield>
      </datafield>
      <datafield tag="031" ind1=" " ind2=" ">
        <subfield code="a">1</subfield>
        <subfield code="b">2</subfield>
        <subfield code="c">1</subfield>
        <subfield code="d">Missa Tibi Christe splendor Patris</subfield>
        <subfield code="t">[Gloria] Et in terra / Qui tollis</subfield>
        <subfield code="m">ST|AB / -</subfield>
        <subfield code="q">composed by Cifra, Antonio</subfield>
      </datafield>
      <datafield tag="031" ind1=" " ind2=" ">
        <subfield code="a">1</subfield>
        <subfield code="b">3</subfield>
        <subfield code="c">1</subfield>
        <subfield code="d">Missa Tibi Christe splendor Patris</subfield>
        <subfield code="t">[Credo] Patrem / Crucifixus / Et in spiritum</subfield>
        <subfield code="m">ST|AB / - / -</subfield>
        <subfield code="q">composed by Cifra, Antonio</subfield>
      </datafield>
      <datafield tag="031" ind1=" " ind2=" ">
        <subfield code="a">1</subfield>
        <subfield code="b">4</subfield>
        <subfield code="c">1</subfield>
        <subfield code="d">Missa Tibi Christe splendor Patris</subfield>
        <subfield code="t">Sanctus / Pleni / Osanna / Benedictus</subfield>
        <subfield code="m">ST|AB/ - / - / -</subfield>
        <subfield code="q">composed by Cifra, Antonio</subfield>
      </datafield>
      <datafield tag="031" ind1=" " ind2=" ">
        <subfield code="a">1</subfield>
        <subfield code="b">5</subfield>
        <subfield code="c">1</subfield>
        <subfield code="d">Missa Tibi Christe splendor Patris</subfield>
        <subfield code="t">Agnus Dei / Agnus Dei / Agnus Dei [dona nobis pacem]</subfield>
        <subfield code="m">ST|AB / ST|AA2B / STT2|AA2B</subfield>
        <subfield code="q">composed by Cifra, Antonio</subfield>
        <subfield code="q"> In Cantus:"Canon in dub Diapente", in Tenor:"Agnus secundus. Quinque vocum.", p. 95 in Altus "Resolutio". Im dritten Agnus: Tenor "Canon in Diattessaron. Sex vocum." und S. 97 "Resolutio. Altus secundus. Sex vocum."</subfield>
      </datafield>
      <datafield tag="100" ind1=" " ind2=" ">
        <subfield code="a">Cifra, Antonio</subfield>
      </datafield>
      <datafield tag="240" ind1=" " ind2=" ">
        <subfield code="a">Missa Tibi Christe splendor Patris</subfield>
        <subfield code="m">V (6)</subfield>
      </datafield>
      <datafield tag="245" ind1=" " ind2=" ">
        <subfield code="a">Missa. Tibi Christe splendor Patris.</subfield>
      </datafield>
      <datafield tag="300" ind1=" " ind2=" ">
        <subfield code="a">Choirbook, fol. 72-99</subfield>
        <subfield code="8">01</subfield>
      </datafield>
      <datafield tag="500" ind1=" " ind2=" ">
        <subfield code="a"/>
        <subfield code="a">Textnachweis: Ordinarium missae</subfield>
        <subfield code="a">Titel im Index: Missa. Tibi Christe splendor Patris.</subfield>
        <subfield code="a">Ordinarium missae</subfield>
        <subfield code="a">Cifra, Antonio</subfield>
        <subfield code="a">Missa Tibi Christe splendor Patris</subfield>
      </datafield>
      <datafield tag="730" ind1=" " ind2=" ">
        <subfield code="a">Missa Tibi Christe splendor Patris</subfield>
      </datafield>
      <datafield tag="730" ind1=" " ind2=" ">
        <subfield code="a">Missa. Tibi Christe splendor Patris.</subfield>
      </datafield>
      <datafield tag="730" ind1=" " ind2=" ">
        <subfield code="a">Messe</subfield>
      </datafield>
      <datafield tag="773" ind1=" " ind2=" ">
        <subfield code="w">85700009</subfield>
      </datafield>
      <datafield tag="852" ind1=" " ind2=" ">
        <subfield code="a">V-CVbav</subfield>
        <subfield code="c">CS 82</subfield>
        <subfield code="z">Fondo Cappella Sistina</subfield>
      </datafield>
      <datafield tag="593" ind1=" " ind2=" ">
        <subfield code="a">Print</subfield>
        <subfield code="8">01</subfield>
      </datafield>
      <datafield tag="594" ind1=" " ind2=" ">
        <subfield code="b">S</subfield>
        <subfield code="c">1</subfield>
      </datafield>
      <datafield tag="594" ind1=" " ind2=" ">
        <subfield code="b">T</subfield>
        <subfield code="c">2</subfield>
      </datafield>
      <datafield tag="594" ind1=" " ind2=" ">
        <subfield code="b">A</subfield>
        <subfield code="c">2</subfield>
      </datafield>
      <datafield tag="594" ind1=" " ind2=" ">
        <subfield code="b">B</subfield>
        <subfield code="c">1</subfield>
      </datafield>
    </record>