
    <record>
      <leader>00000ncd a2200000 u 4500</leader>
      <controlfield tag="001">85701145</controlfield>
      <datafield tag="031" ind1=" " ind2=" ">
        <subfield code="a">1</subfield>
        <subfield code="b">1</subfield>
        <subfield code="c">1</subfield>
        <subfield code="d">Missa Lauda Sion Salvatorem</subfield>
        <subfield code="t">Kyrie</subfield>
        <subfield code="m">STQ|AB</subfield>
        <subfield code="q">composed by Cifra, Antonio</subfield>
      </datafield>
      <datafield tag="031" ind1=" " ind2=" ">
        <subfield code="a">1</subfield>
        <subfield code="b">2</subfield>
        <subfield code="c">1</subfield>
        <subfield code="d">Missa Lauda Sion Salvatorem</subfield>
        <subfield code="t">[Gloria] Et in terra / Qui tollis</subfield>
        <subfield code="m">STQ|AB</subfield>
        <subfield code="q">composed by Cifra, Antonio</subfield>
      </datafield>
      <datafield tag="031" ind1=" " ind2=" ">
        <subfield code="a">1</subfield>
        <subfield code="b">3</subfield>
        <subfield code="c">1</subfield>
        <subfield code="d">Missa Lauda Sion Salvatorem</subfield>
        <subfield code="t">[Credo] Patrem / Crucifixus / Et iterum</subfield>
        <subfield code="m">STQ|AB / ST|AB / STQ|AB</subfield>
        <subfield code="q">composed by Cifra, Antonio</subfield>
      </datafield>
      <datafield tag="031" ind1=" " ind2=" ">
        <subfield code="a">1</subfield>
        <subfield code="b">4</subfield>
        <subfield code="c">1</subfield>
        <subfield code="d">Missa Lauda Sion Salvatorem</subfield>
        <subfield code="t">Sanctus / Osanna / Benedictus</subfield>
        <subfield code="m">STQ|AB / STQ|AB / ST|AT</subfield>
        <subfield code="q">composed by Cifra, Antonio</subfield>
        <subfield code="q">p. 201: Handschriftlich mit rotem Stift "Bassus" durchgestrichen und durch "Tenor" ersetzt.</subfield>
      </datafield>
      <datafield tag="031" ind1=" " ind2=" ">
        <subfield code="a">1</subfield>
        <subfield code="b">5</subfield>
        <subfield code="c">1</subfield>
        <subfield code="d">Missa Lauda Sion Salvatorem</subfield>
        <subfield code="t">Agnus Dei / Agnus Dei / Agnus Dei [dona nobis pacem]</subfield>
        <subfield code="m">STQ+|AB / STQ|AA2B / STQ|AA2B</subfield>
        <subfield code="q">composed by Cifra, Antonio</subfield>
        <subfield code="q">Im Cantus: "Canon ad Vnisonum, Resolutio per oppositum." also ein Spiegelkanon. "Resolutio im Tenor. Für das zweite Agnus Dei "A 6"</subfield>
      </datafield>
      <datafield tag="100" ind1=" " ind2=" ">
        <subfield code="a">Cifra, Antonio</subfield>
      </datafield>
      <datafield tag="240" ind1=" " ind2=" ">
        <subfield code="a">Missa Lauda Sion Salvatorem</subfield>
        <subfield code="m">V (6)</subfield>
      </datafield>
      <datafield tag="245" ind1=" " ind2=" ">
        <subfield code="a">Missa, Lauda Syon Saluatorem.</subfield>
      </datafield>
      <datafield tag="300" ind1=" " ind2=" ">
        <subfield code="a">Choirbook, fol. 168-209</subfield>
        <subfield code="8">01</subfield>
      </datafield>
      <datafield tag="500" ind1=" " ind2=" ">
        <subfield code="a"/>
        <subfield code="a">Textnachweis: Ordinarium missae</subfield>
        <subfield code="a">Titel im Index: Missa, Lauda Syon Saluatorem.</subfield>
        <subfield code="a">Ordinarium missae</subfield>
        <subfield code="a">Cifra, Antonio</subfield>
        <subfield code="a">Missa Lauda Sion Salvatorem</subfield>
      </datafield>
      <datafield tag="730" ind1=" " ind2=" ">
        <subfield code="a">Missa Lauda Sion Salvatorem</subfield>
      </datafield>
      <datafield tag="730" ind1=" " ind2=" ">
        <subfield code="a">Missa, Lauda Syon Saluatorem.</subfield>
      </datafield>
      <datafield tag="730" ind1=" " ind2=" ">
        <subfield code="a">Messe</subfield>
      </datafield>
      <datafield tag="773" ind1=" " ind2=" ">
        <subfield code="w">85700009</subfield>
      </datafield>
      <datafield tag="852" ind1=" " ind2=" ">
        <subfield code="a">V-CVbav</subfield>
        <subfield code="c">CS 82</subfield>
        <subfield code="z">Fondo Cappella Sistina</subfield>
      </datafield>
      <datafield tag="593" ind1=" " ind2=" ">
        <subfield code="a">Print</subfield>
        <subfield code="8">01</subfield>
      </datafield>
      <datafield tag="594" ind1=" " ind2=" ">
        <subfield code="b">S</subfield>
        <subfield code="c">1</subfield>
      </datafield>
      <datafield tag="594" ind1=" " ind2=" ">
        <subfield code="b">T</subfield>
        <subfield code="c">2</subfield>
      </datafield>
      <datafield tag="594" ind1=" " ind2=" ">
        <subfield code="b">A</subfield>
        <subfield code="c">2</subfield>
      </datafield>
      <datafield tag="594" ind1=" " ind2=" ">
        <subfield code="b">B</subfield>
        <subfield code="c">1</subfield>
      </datafield>
    </record>