
  </content>
  <record>
    <leader>00000ncc a2200000 u 4500</leader>
    <controlfield tag="001">85700010</controlfield>
    <datafield tag="041" ind1=" " ind2=" ">
      <subfield code="a">lat</subfield>
    </datafield>
    <datafield tag="100" ind1=" " ind2=" ">
      <subfield code="a">Antonio Cifra</subfield>
    </datafield>
    <datafield tag="130" ind1=" " ind2=" ">
      <subfield code="a">Sacred songs</subfield>
    </datafield>
    <datafield tag="245" ind1=" " ind2=" ">
      <subfield code="a">ANTONII CIFRAE | ROMANI | IN ALMA AEDE LAVRENTANA | MVSICAE PRAEFECTI | MISSARVM | LIBER SECVNDVS. | AD SERENIS: RANVCCIVM FARNESIVM | PARMAE ET PLACENTIAE DUX | ROMAE, | Apud Lucam Antonium Soldum. M. DC. XXI | SVPERIORVM PERMISSV.</subfield>
    </datafield>
    <datafield tag="260" ind1=" " ind2=" ">
      <subfield code="a">Rom</subfield>
      <subfield code="b">Roma: Luca Antonio Soldi</subfield>
      <subfield code="c">1621</subfield>
      <subfield code="8">01</subfield>
    </datafield>
    <datafield tag="300" ind1=" " ind2=" ">
      <subfield code="a">1 choirbook: 119f.</subfield>
      <subfield code="b">Papier</subfield>
      <subfield code="c">538x398</subfield>
      <subfield code="8">01</subfield>
    </datafield>
    <datafield tag="500" ind1=" " ind2=" ">
      <subfield code="a">Aktuelle Lagenstrukturen: III1 ...III238, ohne Vorsatzblatt. Das Nachsatzblatt als zweites Blatt der Lage wurde ebenso wie das dritte mit dem Buchrücken verklebt.</subfield>
      <subfield code="8">01</subfield>
    </datafield>
    <datafield tag="500" ind1=" " ind2=" ">
      <subfield code="a"/>
      <subfield code="a">ANTONII CIFRAE / ROMANI / IN ALMA AEDE LAVRENTANA / MVSICAE PRAEFECTI / MISSARVM / LIBER SECVNDVS. / AD SERENIS: RANVCCIVM FARNESIVM / PARMAE ET PLACENTIAE DUX / ROMAE, / Apud Lucam Antonium Soldum. M. DC. XXI / SVPERIORVM PERMISSV.</subfield>
      <subfield code="a">Aktuelle Blattzählung: Seitenzählung arab. rechts oben fehlerhaft, durch braune Tinte korrigiert: ursprüngl.: 2,5-16,16-23, 25-237 [238], korrigiert wurden die Seiten 17-24,</subfield>
      <subfield code="a">Notation: weiß mensural</subfield>
      <subfield code="a">Signatur: Seite 1 rechts unten mit brauner Tinte "144".</subfield>
      <subfield code="a">Dekoration: Kupferstich-Frontspiz (221 x 200 mm) mit dem Wappen des Widmungsträgers, das von allerlei Kriegsgerät umsäumt ist, wie Kanonen, Lanzen Gewehre und Rüstungen. Die Trommel dürften in diesem Zusammenhang wohl auch eher militärisch gemeint sein.</subfield>
      <subfield code="a">Rücken völlig zerfressen, Bindung am sich auflösen.</subfield>
      <subfield code="a">Bogensignaturen original rechts unten eingedruckt, allerdings Seitenzählung, die jedoch einen Fehler aufweist. Die erste Lage des Trifoliums beginnt auf fol. A2 verso mit der Zahl 2. Das gegenüberliegende Folium A3 wird aber schon mit 5 gezählt. Am Ende der Lage erweist sich das nicht schlimm, da der Fehler schon vorher begangen wurde. Seite 2 hätte richtig Seite 4 sein müssen. [A, A2]-A3, B1-B3 ... X-X3 (=[01, 1] 2, 5, 13-17 (auch im der B-Lage hat sich der Drucker verzählt, es gibt zweimal die Seite 16, dies wurde handschriftlich mit braner Tinte korrigiert ...-237 [238]).</subfield>
      <subfield code="a">12 Fünfliniensysteme</subfield>
      <subfield code="a">Rom: Luca Antonio Soldi</subfield>
    </datafield>
    <datafield tag="563" ind1=" " ind2=" ">
      <subfield code="a">Helles Pergament auf Pappe; sehr wurmstichig, Rücken fast völlig zerstört, Bindung noch intakt</subfield>
      <subfield code="8">01</subfield>
    </datafield>
    <datafield tag="593" ind1=" " ind2=" ">
      <subfield code="a">Print</subfield>
      <subfield code="8">01</subfield>
    </datafield>
    <datafield tag="650" ind1=" " ind2=" ">
      <subfield code="a">Missarum liber secundus</subfield>
    </datafield>
    <datafield tag="691" ind1=" " ind2=" ">
      <subfield code="a">RISM C2206</subfield>
    </datafield>
    <datafield tag="691" ind1=" " ind2=" ">
      <subfield code="a">HaberlV 1888</subfield>
      <subfield code="n">p. 30f.</subfield>
      <subfield code="0">3122</subfield>
    </datafield>
    <datafield tag="691" ind1=" " ind2=" ">
      <subfield code="a">LlorensS 1960</subfield>
      <subfield code="n">p. 137f.</subfield>
      <subfield code="0">144</subfield>
    </datafield>
    <datafield tag="691" ind1=" " ind2=" ">
      <subfield code="a">PanuzziL 1687</subfield>
      <subfield code="n">144</subfield>
      <subfield code="0">41001975</subfield>
    </datafield>
    <datafield tag="691" ind1=" " ind2=" ">
      <subfield code="a">CeliL 1753</subfield>
      <subfield code="n">A083</subfield>
      <subfield code="0">41001973</subfield>
    </datafield>
    <datafield tag="691" ind1=" " ind2=" ">
      <subfield code="a">StoraceP 1813</subfield>
      <subfield code="n">A083</subfield>
      <subfield code="0">41001976</subfield>
    </datafield>
    <datafield tag="691" ind1=" " ind2=" ">
      <subfield code="a">SalvatiL 1863</subfield>
      <subfield code="n">083</subfield>
      <subfield code="0">41001978</subfield>
    </datafield>
    <datafield tag="700" ind1=" " ind2=" ">
      <subfield code="a">Ranuccio Farnese, Enkel Pauls III. und Fürst  (Ranuccio IV.) von Piacenza und Parma</subfield>
      <subfield code="4">oth</subfield>
    </datafield>
    <datafield tag="700" ind1=" " ind2=" ">
      <subfield code="a">Roma: Luca Antonio Soldi</subfield>
      <subfield code="4">oth</subfield>
    </datafield>
    <datafield tag="710" ind1=" " ind2=" ">
      <subfield code="a">Capella Sistina</subfield>
      <subfield code="0">51000666</subfield>
      <subfield code="4">evp</subfield>
    </datafield>
    <datafield tag="774" ind1=" " ind2=" ">
      <subfield code="w">85701147</subfield>
    </datafield>
    <datafield tag="774" ind1=" " ind2=" ">
      <subfield code="w">85701148</subfield>
    </datafield>
    <datafield tag="774" ind1=" " ind2=" ">
      <subfield code="w">85701149</subfield>
    </datafield>
    <datafield tag="774" ind1=" " ind2=" ">
      <subfield code="w">85701150</subfield>
    </datafield>
    <datafield tag="774" ind1=" " ind2=" ">
      <subfield code="w">85701151</subfield>
    </datafield>
    <datafield tag="774" ind1=" " ind2=" ">
      <subfield code="w">85701152</subfield>
    </datafield>
    <datafield tag="852" ind1=" " ind2=" ">
      <subfield code="a">V-CVbav</subfield>
      <subfield code="c">CS 83</subfield>
      <subfield code="d">144</subfield>
      <subfield code="d">083</subfield>
      <subfield code="d">A083</subfield>
      <subfield code="z">Fondo Cappella Sistina</subfield>
    </datafield>
  </record>