
    <record>
      <leader>00000ncd a2200000 u 4500</leader>
      <controlfield tag="001">85701148</controlfield>
      <datafield tag="031" ind1=" " ind2=" ">
        <subfield code="a">1</subfield>
        <subfield code="b">1</subfield>
        <subfield code="c">1</subfield>
        <subfield code="d">Missa Fuit homo</subfield>
        <subfield code="t">Kyrie</subfield>
        <subfield code="m">ST|AB</subfield>
        <subfield code="q">composed by Cifra, Antonio</subfield>
        <subfield code="q">Auch p. 30 ist die Seitenzahl auf der falschen, d.h. Innenseite eingedruckt.</subfield>
      </datafield>
      <datafield tag="031" ind1=" " ind2=" ">
        <subfield code="a">1</subfield>
        <subfield code="b">2</subfield>
        <subfield code="c">1</subfield>
        <subfield code="d">Missa Fuit homo</subfield>
        <subfield code="t">[Gloria] Et in terra / Qui tollis</subfield>
        <subfield code="m">ST|AB / -</subfield>
        <subfield code="q">composed by Cifra, Antonio</subfield>
        <subfield code="q">Die originale Stimmenbezeichnung mit Tenor ist wohl falsch, da die Stimme einen C3-Schlüssel hat und im folgenden Lesefeld p. 39 Bassus eingedruckt ist.</subfield>
      </datafield>
      <datafield tag="031" ind1=" " ind2=" ">
        <subfield code="a">1</subfield>
        <subfield code="b">3</subfield>
        <subfield code="c">1</subfield>
        <subfield code="d">Missa Fuit homo</subfield>
        <subfield code="t">[Credo] Patrem / Crucifixus / Et iterum</subfield>
        <subfield code="m">ST|AB / ST|A / ST|AB</subfield>
        <subfield code="q">composed by Cifra, Antonio</subfield>
        <subfield code="q">"Crucifixus Bassus Tacet"</subfield>
      </datafield>
      <datafield tag="031" ind1=" " ind2=" ">
        <subfield code="a">1</subfield>
        <subfield code="b">4</subfield>
        <subfield code="c">1</subfield>
        <subfield code="d">Missa Fuit homo</subfield>
        <subfield code="t">Sanctus / Osanna / Benedictus</subfield>
        <subfield code="m">ST|AB / - / SA2|A</subfield>
        <subfield code="q">composed by Cifra, Antonio</subfield>
        <subfield code="q">"Benedictus Bassus Tacet"</subfield>
      </datafield>
      <datafield tag="031" ind1=" " ind2=" ">
        <subfield code="a">1</subfield>
        <subfield code="b">5</subfield>
        <subfield code="c">1</subfield>
        <subfield code="d">Missa Fuit homo</subfield>
        <subfield code="t">Agnus Dei / Agnus Dei [dona nobis pacem]</subfield>
        <subfield code="m">ST|AB / STA2+|AB</subfield>
        <subfield code="q">composed by Cifra, Antonio</subfield>
        <subfield code="q">In Tenor "Canon in Diatthessaron à 5". "Agnus secundus Quinque vocum" "Altus secundus Resolutio".</subfield>
      </datafield>
      <datafield tag="100" ind1=" " ind2=" ">
        <subfield code="a">Cifra, Antonio</subfield>
      </datafield>
      <datafield tag="240" ind1=" " ind2=" ">
        <subfield code="a">Missa Fuit homo</subfield>
        <subfield code="m">V (5)</subfield>
      </datafield>
      <datafield tag="245" ind1=" " ind2=" ">
        <subfield code="a">Missa. Fuit Homo</subfield>
      </datafield>
      <datafield tag="300" ind1=" " ind2=" ">
        <subfield code="a">Choirbook, fol. 30-65</subfield>
        <subfield code="8">01</subfield>
      </datafield>
      <datafield tag="500" ind1=" " ind2=" ">
        <subfield code="a"/>
        <subfield code="a">Textnachweis: Ordinarium missae</subfield>
        <subfield code="a">Titel im Index: Missa. Fuit Homo</subfield>
        <subfield code="a">Ordinarium missae</subfield>
        <subfield code="a">Cifra, Antonio</subfield>
        <subfield code="a">Missa Fuit homo</subfield>
      </datafield>
      <datafield tag="730" ind1=" " ind2=" ">
        <subfield code="a">Missa Fuit homo</subfield>
      </datafield>
      <datafield tag="730" ind1=" " ind2=" ">
        <subfield code="a">Missa. Fuit Homo</subfield>
      </datafield>
      <datafield tag="730" ind1=" " ind2=" ">
        <subfield code="a">Messe</subfield>
      </datafield>
      <datafield tag="773" ind1=" " ind2=" ">
        <subfield code="w">85700010</subfield>
      </datafield>
      <datafield tag="852" ind1=" " ind2=" ">
        <subfield code="a">V-CVbav</subfield>
        <subfield code="c">CS 83</subfield>
        <subfield code="z">Fondo Cappella Sistina</subfield>
      </datafield>
      <datafield tag="593" ind1=" " ind2=" ">
        <subfield code="a">Print</subfield>
        <subfield code="8">01</subfield>
      </datafield>
      <datafield tag="594" ind1=" " ind2=" ">
        <subfield code="b">S</subfield>
        <subfield code="c">1</subfield>
      </datafield>
      <datafield tag="594" ind1=" " ind2=" ">
        <subfield code="b">T</subfield>
        <subfield code="c">1</subfield>
      </datafield>
      <datafield tag="594" ind1=" " ind2=" ">
        <subfield code="b">A</subfield>
        <subfield code="c">2</subfield>
      </datafield>
      <datafield tag="594" ind1=" " ind2=" ">
        <subfield code="b">B</subfield>
        <subfield code="c">1</subfield>
      </datafield>
    </record>