
    <record>
      <leader>00000ncd a2200000 u 4500</leader>
      <controlfield tag="001">85701152</controlfield>
      <datafield tag="031" ind1=" " ind2=" ">
        <subfield code="a">1</subfield>
        <subfield code="b">1</subfield>
        <subfield code="c">1</subfield>
        <subfield code="d">Missa Tribularer</subfield>
        <subfield code="t">Kyrie / Christe / Kyrie</subfield>
        <subfield code="m">STT2|AA2B / ST|AB / STT2|A(A2)B</subfield>
        <subfield code="q">composed by Cifra, Antonio</subfield>
        <subfield code="q">Im Tenor II und Altus prim. "Christe Tacet Quatuor vocum." Kyrie sec. im Cantus "à 6. Canon in Sub Diapente." und im Altus I "Resolutio". [Dazu: Im Altus prim. wird in allen Sätzen im z.B. Kyrie jeweils zweimal ein "Miserere mei Deus" syllabisch repercussiert. mit einer Hebung auf De auf den Ton e. Beim zweiten Kyrie wird dieses Repercussieren vom Cantus als Canonresolutio übernommen.]</subfield>
      </datafield>
      <datafield tag="031" ind1=" " ind2=" ">
        <subfield code="a">1</subfield>
        <subfield code="b">2</subfield>
        <subfield code="c">1</subfield>
        <subfield code="d">Missa Tribularer</subfield>
        <subfield code="t">[Gloria] Et in terra / Qui tollis</subfield>
        <subfield code="m">STT2|AA2B / -</subfield>
        <subfield code="q">composed by Cifra, Antonio</subfield>
      </datafield>
      <datafield tag="031" ind1=" " ind2=" ">
        <subfield code="a">1</subfield>
        <subfield code="b">3</subfield>
        <subfield code="c">1</subfield>
        <subfield code="d">Missa Tribularer</subfield>
        <subfield code="t">[Credo] Patrem / Crucifixus / Et iterum</subfield>
        <subfield code="m">STT2|AA2B / TT2|AB / STT2|AA2B</subfield>
        <subfield code="q">composed by Cifra, Antonio</subfield>
      </datafield>
      <datafield tag="031" ind1=" " ind2=" ">
        <subfield code="a">1</subfield>
        <subfield code="b">4</subfield>
        <subfield code="c">1</subfield>
        <subfield code="d">Missa Tribularer</subfield>
        <subfield code="t">Sanctus / Osanna / Benedictus</subfield>
        <subfield code="m">STT2|AA2B / - / SA2|AB</subfield>
        <subfield code="q">composed by Cifra, Antonio</subfield>
        <subfield code="q">Benedictus:"Quatuor vocum." danach "Osanna ut supra."</subfield>
      </datafield>
      <datafield tag="031" ind1=" " ind2=" ">
        <subfield code="a">1</subfield>
        <subfield code="b">5</subfield>
        <subfield code="c">1</subfield>
        <subfield code="d">Missa Tribularer</subfield>
        <subfield code="t">Agnus Dei</subfield>
        <subfield code="m">STT2|AA2B</subfield>
        <subfield code="q">composed by Cifra, Antonio</subfield>
      </datafield>
      <datafield tag="100" ind1=" " ind2=" ">
        <subfield code="a">Cifra, Antonio</subfield>
      </datafield>
      <datafield tag="240" ind1=" " ind2=" ">
        <subfield code="a">Missa Tribularer</subfield>
        <subfield code="m">V (6)</subfield>
      </datafield>
      <datafield tag="245" ind1=" " ind2=" ">
        <subfield code="a">Missa, Tribularer</subfield>
      </datafield>
      <datafield tag="300" ind1=" " ind2=" ">
        <subfield code="a">Choirbook, fol. 182-237</subfield>
        <subfield code="8">01</subfield>
      </datafield>
      <datafield tag="500" ind1=" " ind2=" ">
        <subfield code="a">Tribularer aus Ps. 119?</subfield>
        <subfield code="a">Textnachweis: Ordinarium missae</subfield>
        <subfield code="a">Cantus Prius Factus: Miserere mei Deus</subfield>
        <subfield code="a">Titel im Index: Missa, Tribularer</subfield>
        <subfield code="a">Ordinarium missae</subfield>
        <subfield code="a">Cifra, Antonio</subfield>
        <subfield code="a">Missa Tribularer</subfield>
      </datafield>
      <datafield tag="730" ind1=" " ind2=" ">
        <subfield code="a">Missa Tribularer</subfield>
      </datafield>
      <datafield tag="730" ind1=" " ind2=" ">
        <subfield code="a">Missa, Tribularer</subfield>
      </datafield>
      <datafield tag="730" ind1=" " ind2=" ">
        <subfield code="a">Messe</subfield>
      </datafield>
      <datafield tag="773" ind1=" " ind2=" ">
        <subfield code="w">85700010</subfield>
      </datafield>
      <datafield tag="852" ind1=" " ind2=" ">
        <subfield code="a">V-CVbav</subfield>
        <subfield code="c">CS 83</subfield>
        <subfield code="z">Fondo Cappella Sistina</subfield>
      </datafield>
      <datafield tag="593" ind1=" " ind2=" ">
        <subfield code="a">Print</subfield>
        <subfield code="8">01</subfield>
      </datafield>
      <datafield tag="594" ind1=" " ind2=" ">
        <subfield code="b">S</subfield>
        <subfield code="c">1</subfield>
      </datafield>
      <datafield tag="594" ind1=" " ind2=" ">
        <subfield code="b">T</subfield>
        <subfield code="c">2</subfield>
      </datafield>
      <datafield tag="594" ind1=" " ind2=" ">
        <subfield code="b">A</subfield>
        <subfield code="c">2</subfield>
      </datafield>
      <datafield tag="594" ind1=" " ind2=" ">
        <subfield code="b">B</subfield>
        <subfield code="c">1</subfield>
      </datafield>
    </record>