
  </content>
  <record>
    <leader>00000ncc a2200000 u 4500</leader>
    <controlfield tag="001">85700011</controlfield>
    <datafield tag="041" ind1=" " ind2=" ">
      <subfield code="a">lat</subfield>
    </datafield>
    <datafield tag="100" ind1=" " ind2=" ">
      <subfield code="a">Jacob de Kerle</subfield>
    </datafield>
    <datafield tag="130" ind1=" " ind2=" ">
      <subfield code="a">Sacred songs</subfield>
    </datafield>
    <datafield tag="245" ind1=" " ind2=" ">
      <subfield code="a">QVATVOR MISSAE, | SVAVISSIMIS MO=DVLATIONIBVS REFERTAE | QVARVM VNA QVA= | TVOR RELIQVAE VERO | QVINQVE VOCIBVS | CONCINENDA. | Adiunco in fine Te Deum laudamus. |AVCTORE | Iacobo de Kerle Falndro, S. Caes. Maiestatis | Rudolphi 2. | Sacellano. | ANTVVERPIAE | Ex officina Christophori Plantini, M. D. LXXXIII.</subfield>
    </datafield>
    <datafield tag="260" ind1=" " ind2=" ">
      <subfield code="a">Antwerpen</subfield>
      <subfield code="b">Antwerpen: Christophe Plantin</subfield>
      <subfield code="c">1583</subfield>
      <subfield code="8">01</subfield>
    </datafield>
    <datafield tag="300" ind1=" " ind2=" ">
      <subfield code="a">1 choirbook: 115f.</subfield>
      <subfield code="b">Papier</subfield>
      <subfield code="c">545x405</subfield>
      <subfield code="8">01</subfield>
    </datafield>
    <datafield tag="500" ind1=" " ind2=" ">
      <subfield code="a">Aktuelle Lagenstrukturen: f01, f1, I3-9, II10, I14-25, II26, III30, II36, I40-43, II44-47, I48-67, II68, I72-75, II76, I80, II82, I86-115 f02</subfield>
      <subfield code="8">01</subfield>
    </datafield>
    <datafield tag="500" ind1=" " ind2=" ">
      <subfield code="a"/>
      <subfield code="a">QVATVOR MISSAE, / SVAVISSIMIS MO=DVLATIONIBVS REFERTAE / QVARVM VNA QVA= / TVOR RELIQVAE VERO / QVINQVE VOCIBVS / CONCINENDA. / Adiunco in fine Te Deum laudamus. /AVCTORE / Iacobo de Kerle Falndro, S. Caes. Maiestatis / Rudolphi 2. / Sacellano. / ANTVVERPIAE / Ex officina Christophori Plantini, M. D. LXXXIII.</subfield>
      <subfield code="a">Aktuelle Blattzählung: [01] 1-115  [02], arab. modern mit Bleistift unten Mitte</subfield>
      <subfield code="a">Notation: weiß mensural</subfield>
      <subfield code="a">Rechts unten einnige Abnutzungsspuren, telweise auch durch Feuchtigkeit beeinfußt.</subfield>
      <subfield code="a">Römisch Lesefeldzählung jeweils äußere Ecke oben. 1. Erstes Lesfeld links "I" und rechts "II" gezählt, die weiteren mit gleichen Zahlen im gleichen Lesefeld, III-XXII (=fol. 4v-24r), 2. I-XXII (=fol. 25v-47r), 3. I-XXIX (=fol. 48v-77r), 4. I-XXIII (fol. 78v-101r), 5. I-XIII (fol.108v-115r).</subfield>
      <subfield code="a">10 Fünfliniensysteme</subfield>
      <subfield code="a">Antwerpen: Christoph Plantin</subfield>
    </datafield>
    <datafield tag="563" ind1=" " ind2=" ">
      <subfield code="a">Dicke Pappe mit rotem Leder bezogen. Eingestanzte Linien als Rahmen. Auf den Ecken dieses Goldrahmens ist nach außen hin der Drachen aus dem Wappen Gregors gesetzt. In der Mitte ist das Papstwappen Gregor XIII. eingeprägt. Die Rückseite des Kodex ist identisch. Die selben Getsaltungsmittel wie bei CS 81, nur etwas einfacher gehalten.</subfield>
      <subfield code="8">01</subfield>
    </datafield>
    <datafield tag="593" ind1=" " ind2=" ">
      <subfield code="a">Print</subfield>
      <subfield code="8">01</subfield>
    </datafield>
    <datafield tag="650" ind1=" " ind2=" ">
      <subfield code="a">Quatuor Missae</subfield>
    </datafield>
    <datafield tag="691" ind1=" " ind2=" ">
      <subfield code="a">RISM K454</subfield>
    </datafield>
    <datafield tag="691" ind1=" " ind2=" ">
      <subfield code="a">HaberlV 1888</subfield>
      <subfield code="n">p. 31</subfield>
      <subfield code="0">3122</subfield>
    </datafield>
    <datafield tag="691" ind1=" " ind2=" ">
      <subfield code="a">LlorensS 1960</subfield>
      <subfield code="n">p. 138</subfield>
      <subfield code="0">144</subfield>
    </datafield>
    <datafield tag="691" ind1=" " ind2=" ">
      <subfield code="a">PanuzziL 1687</subfield>
      <subfield code="n">152</subfield>
      <subfield code="0">41001975</subfield>
    </datafield>
    <datafield tag="691" ind1=" " ind2=" ">
      <subfield code="a">CeliL 1753</subfield>
      <subfield code="n">A084</subfield>
      <subfield code="0">41001973</subfield>
    </datafield>
    <datafield tag="691" ind1=" " ind2=" ">
      <subfield code="a">StoraceP 1813</subfield>
      <subfield code="n">A084</subfield>
      <subfield code="0">41001976</subfield>
    </datafield>
    <datafield tag="691" ind1=" " ind2=" ">
      <subfield code="a">SalvatiL 1863</subfield>
      <subfield code="n">084</subfield>
      <subfield code="0">41001978</subfield>
    </datafield>
    <datafield tag="700" ind1=" " ind2=" ">
      <subfield code="a">Papst Gregor XIII.</subfield>
      <subfield code="4">oth</subfield>
    </datafield>
    <datafield tag="700" ind1=" " ind2=" ">
      <subfield code="a">Antwerpen: Christophe Plantin</subfield>
      <subfield code="4">oth</subfield>
    </datafield>
    <datafield tag="710" ind1=" " ind2=" ">
      <subfield code="a">Capella Sistina</subfield>
      <subfield code="0">51000666</subfield>
      <subfield code="4">evp</subfield>
    </datafield>
    <datafield tag="774" ind1=" " ind2=" ">
      <subfield code="w">85701153</subfield>
    </datafield>
    <datafield tag="774" ind1=" " ind2=" ">
      <subfield code="w">85701154</subfield>
    </datafield>
    <datafield tag="774" ind1=" " ind2=" ">
      <subfield code="w">85701155</subfield>
    </datafield>
    <datafield tag="774" ind1=" " ind2=" ">
      <subfield code="w">85701156</subfield>
    </datafield>
    <datafield tag="774" ind1=" " ind2=" ">
      <subfield code="w">85701157</subfield>
    </datafield>
    <datafield tag="852" ind1=" " ind2=" ">
      <subfield code="a">V-CVbav</subfield>
      <subfield code="c">CS 84</subfield>
      <subfield code="d">152</subfield>
      <subfield code="d">084</subfield>
      <subfield code="d">A084</subfield>
      <subfield code="z">Fondo Cappella Sistina</subfield>
    </datafield>
  </record>