
    <record>
      <leader>00000ncd a2200000 u 4500</leader>
      <controlfield tag="001">85701154</controlfield>
      <datafield tag="031" ind1=" " ind2=" ">
        <subfield code="a">1</subfield>
        <subfield code="b">1</subfield>
        <subfield code="c">1</subfield>
        <subfield code="d">Missa Ut re mi fa sol la</subfield>
        <subfield code="t">Kyrie</subfield>
        <subfield code="m">ST|S2AB</subfield>
        <subfield code="q">composed by Kerle, Jacobus de</subfield>
      </datafield>
      <datafield tag="031" ind1=" " ind2=" ">
        <subfield code="a">1</subfield>
        <subfield code="b">2</subfield>
        <subfield code="c">1</subfield>
        <subfield code="d">Missa Ut re mi fa sol la</subfield>
        <subfield code="t">[Gloria] Et in terra / Domine fili / Qui tollis</subfield>
        <subfield code="m">STB+|S2A / ST|S2A / STB+|S2A</subfield>
        <subfield code="q">composed by Kerle, Jacobus de</subfield>
        <subfield code="q">Domine fili "Bassus tacet."</subfield>
      </datafield>
      <datafield tag="031" ind1=" " ind2=" ">
        <subfield code="a">1</subfield>
        <subfield code="b">3</subfield>
        <subfield code="c">1</subfield>
        <subfield code="d">Missa Ut re mi fa sol la</subfield>
        <subfield code="t">[Credo] Patrem / Et incarnatus / Crucifixus / Et resurrexit / Et in spiritum</subfield>
        <subfield code="m">STB+|S2A / - / |S2A / TB|S2A / STB+|S2A</subfield>
        <subfield code="q">composed by Kerle, Jacobus de</subfield>
      </datafield>
      <datafield tag="031" ind1=" " ind2=" ">
        <subfield code="a">1</subfield>
        <subfield code="b">4</subfield>
        <subfield code="c">1</subfield>
        <subfield code="d">Missa Ut re mi fa sol la</subfield>
        <subfield code="t">Sanctus / Osanna / Benedictus</subfield>
        <subfield code="m">STB+|S2AB / - / SB+|A</subfield>
        <subfield code="q">composed by Kerle, Jacobus de</subfield>
        <subfield code="q">Benedictus "Tenor tacet." "Superius sec. tacet."</subfield>
      </datafield>
      <datafield tag="031" ind1=" " ind2=" ">
        <subfield code="a">1</subfield>
        <subfield code="b">5</subfield>
        <subfield code="c">1</subfield>
        <subfield code="d">Missa Ut re mi fa sol la</subfield>
        <subfield code="t">Agnus Dei</subfield>
        <subfield code="m">STT2|S2AB</subfield>
        <subfield code="q">composed by Kerle, Jacobus de</subfield>
        <subfield code="q">Im Tenor 2 ist ein "Canon ad tertiam" sub notam eingezeichnet und in der Kopfzeile dahingehend die Messbezeichnung "5. vocum" handschriftlich mit brauner Tinte durch "7" ersetzt</subfield>
      </datafield>
      <datafield tag="100" ind1=" " ind2=" ">
        <subfield code="a">Kerle, Jacobus de</subfield>
      </datafield>
      <datafield tag="240" ind1=" " ind2=" ">
        <subfield code="a">Missa Ut re mi fa sol la</subfield>
        <subfield code="m">V (7)</subfield>
      </datafield>
      <datafield tag="245" ind1=" " ind2=" ">
        <subfield code="a">Missa Ut re mi fa sol la</subfield>
      </datafield>
      <datafield tag="300" ind1=" " ind2=" ">
        <subfield code="a">Choirbook, fol. 25v-47r</subfield>
        <subfield code="8">01</subfield>
      </datafield>
      <datafield tag="500" ind1=" " ind2=" ">
        <subfield code="a"/>
        <subfield code="a">Textnachweis: Ordinarium missae</subfield>
        <subfield code="a">Titel im Index: Missa Ut re mi fa sol la</subfield>
        <subfield code="a">Ordinarium missae</subfield>
        <subfield code="a">Kerle, Jacobus de</subfield>
        <subfield code="a">Missa Ut re mi fa sol la</subfield>
      </datafield>
      <datafield tag="730" ind1=" " ind2=" ">
        <subfield code="a">Missa Ut re mi fa sol la</subfield>
      </datafield>
      <datafield tag="730" ind1=" " ind2=" ">
        <subfield code="a">Missa Ut re mi fa sol la</subfield>
      </datafield>
      <datafield tag="730" ind1=" " ind2=" ">
        <subfield code="a">Messe</subfield>
      </datafield>
      <datafield tag="773" ind1=" " ind2=" ">
        <subfield code="w">85700011</subfield>
      </datafield>
      <datafield tag="852" ind1=" " ind2=" ">
        <subfield code="a">V-CVbav</subfield>
        <subfield code="c">CS 84</subfield>
        <subfield code="z">Fondo Cappella Sistina</subfield>
      </datafield>
      <datafield tag="593" ind1=" " ind2=" ">
        <subfield code="a">Print</subfield>
        <subfield code="8">01</subfield>
      </datafield>
      <datafield tag="594" ind1=" " ind2=" ">
        <subfield code="b">S</subfield>
        <subfield code="c">2</subfield>
      </datafield>
      <datafield tag="594" ind1=" " ind2=" ">
        <subfield code="b">T</subfield>
        <subfield code="c">2</subfield>
      </datafield>
      <datafield tag="594" ind1=" " ind2=" ">
        <subfield code="b">A</subfield>
        <subfield code="c">1</subfield>
      </datafield>
      <datafield tag="594" ind1=" " ind2=" ">
        <subfield code="b">B</subfield>
        <subfield code="c">2</subfield>
      </datafield>
    </record>