
    <record>
      <leader>00000ncd a2200000 u 4500</leader>
      <controlfield tag="001">85701155</controlfield>
      <datafield tag="031" ind1=" " ind2=" ">
        <subfield code="a">1</subfield>
        <subfield code="b">1</subfield>
        <subfield code="c">1</subfield>
        <subfield code="d">Missa Da pacem Domine</subfield>
        <subfield code="t">Kyrie / Christe / Christe / Kyrie</subfield>
        <subfield code="m">ST|S2AB / - /ST|S2A /STB+|S2A</subfield>
        <subfield code="q">composed by Kerle, Jacobus de</subfield>
        <subfield code="q">Im zweiten Christe, welches wohl als Alternative zum ersten aufzufassen ist "Bassus tacet." Außerdem ist der Superius-Stimme neben dem Christeeleison auch der Text Da pacem Domine unterlegt, wie auch beim folgenden Kyrieeleison "Qui pugnet pro nobis, nisi tu Deus noster. Diese c.f.-Unterlegung tritt auch in späteren Sätzen auf.</subfield>
      </datafield>
      <datafield tag="031" ind1=" " ind2=" ">
        <subfield code="a">1</subfield>
        <subfield code="b">2</subfield>
        <subfield code="c">1</subfield>
        <subfield code="d">Missa Da pacem Domine</subfield>
        <subfield code="t">[Gloria] Et in terra / Domine fili / Qui tollis</subfield>
        <subfield code="m">STB+|S2A / TB+|S2A / STB+|S2A</subfield>
        <subfield code="q">composed by Kerle, Jacobus de</subfield>
        <subfield code="q">Im Domine fili "Superius pr. tacet."</subfield>
      </datafield>
      <datafield tag="031" ind1=" " ind2=" ">
        <subfield code="a">1</subfield>
        <subfield code="b">3</subfield>
        <subfield code="c">1</subfield>
        <subfield code="d">Missa Da pacem Domine</subfield>
        <subfield code="t">[Credo] Patrem / Et incarnatus / Crucifixus / Et iterum</subfield>
        <subfield code="m">STB+|S2A / STB|S2A / ST|S2A / STB+|S2A</subfield>
        <subfield code="q">composed by Kerle, Jacobus de</subfield>
      </datafield>
      <datafield tag="031" ind1=" " ind2=" ">
        <subfield code="a">1</subfield>
        <subfield code="b">4</subfield>
        <subfield code="c">1</subfield>
        <subfield code="d">Missa Da pacem Domine</subfield>
        <subfield code="t">Sanctus / Pleni / Osanna / Benedictus / Osanna</subfield>
        <subfield code="m">STB+|S2A / T|S2A / STB|S2A / ST|AB / SA2T|S2AB</subfield>
        <subfield code="q">composed by Kerle, Jacobus de</subfield>
        <subfield code="q">Pleni "Superius tacet." Bassus tacet." Benedictus "Superius sec. tacet." Im zweiten Osanna im zweiten Tenor (oder Altus) "Canon in subdiathessaron" mit Osanna in excelsis und der weiteren Textunterlegung "Da pacem Domine". </subfield>
      </datafield>
      <datafield tag="031" ind1=" " ind2=" ">
        <subfield code="a">1</subfield>
        <subfield code="b">5</subfield>
        <subfield code="c">1</subfield>
        <subfield code="d">Missa Da pacem Domine</subfield>
        <subfield code="t">Agnus Dei / Agnus Dei [dona nobis pacem]</subfield>
        <subfield code="m">ST2T|S2AB / STT2B2|S2AA2A3B</subfield>
        <subfield code="q">composed by Kerle, Jacobus de</subfield>
        <subfield code="q">Im ersten Agnus sind Superius und Tenor 2 zusätzlich mit dem Da pacem Domine-Text unterlegt, außerdem ist im Tenor 2 ein "Canon in diapente" eingezeichnet, dessen Resolutio im Superius stattfindet. Im zweiten Agnus ist der c.f. im Altus 3</subfield>
      </datafield>
      <datafield tag="100" ind1=" " ind2=" ">
        <subfield code="a">Kerle, Jacobus de</subfield>
      </datafield>
      <datafield tag="240" ind1=" " ind2=" ">
        <subfield code="a">Missa Da pacem Domine</subfield>
        <subfield code="m">V (9)</subfield>
      </datafield>
      <datafield tag="245" ind1=" " ind2=" ">
        <subfield code="a">Missa Da pacem Domine</subfield>
      </datafield>
      <datafield tag="300" ind1=" " ind2=" ">
        <subfield code="a">Choirbook, fol. 48v-77r</subfield>
        <subfield code="8">01</subfield>
      </datafield>
      <datafield tag="500" ind1=" " ind2=" ">
        <subfield code="a"/>
        <subfield code="a">Textnachweis: Ordinarium missae</subfield>
        <subfield code="a">Titel im Index: Missa Da pacem Domine</subfield>
        <subfield code="a">Ordinarium missae</subfield>
        <subfield code="a">Kerle, Jacobus de</subfield>
        <subfield code="a">Missa Da pacem Domine</subfield>
      </datafield>
      <datafield tag="730" ind1=" " ind2=" ">
        <subfield code="a">Missa Da pacem Domine</subfield>
      </datafield>
      <datafield tag="730" ind1=" " ind2=" ">
        <subfield code="a">Missa Da pacem Domine</subfield>
      </datafield>
      <datafield tag="730" ind1=" " ind2=" ">
        <subfield code="a">Messe</subfield>
      </datafield>
      <datafield tag="773" ind1=" " ind2=" ">
        <subfield code="w">85700011</subfield>
      </datafield>
      <datafield tag="852" ind1=" " ind2=" ">
        <subfield code="a">V-CVbav</subfield>
        <subfield code="c">CS 84</subfield>
        <subfield code="z">Fondo Cappella Sistina</subfield>
      </datafield>
      <datafield tag="593" ind1=" " ind2=" ">
        <subfield code="a">Print</subfield>
        <subfield code="8">01</subfield>
      </datafield>
      <datafield tag="594" ind1=" " ind2=" ">
        <subfield code="b">S</subfield>
        <subfield code="c">2</subfield>
      </datafield>
      <datafield tag="594" ind1=" " ind2=" ">
        <subfield code="b">T</subfield>
        <subfield code="c">2</subfield>
      </datafield>
      <datafield tag="594" ind1=" " ind2=" ">
        <subfield code="b">A</subfield>
        <subfield code="c">3</subfield>
      </datafield>
      <datafield tag="594" ind1=" " ind2=" ">
        <subfield code="b">B</subfield>
        <subfield code="c">2</subfield>
      </datafield>
    </record>