
    <record>
      <leader>00000ncd a2200000 u 4500</leader>
      <controlfield tag="001">85701156</controlfield>
      <datafield tag="031" ind1=" " ind2=" ">
        <subfield code="a">1</subfield>
        <subfield code="b">1</subfield>
        <subfield code="c">1</subfield>
        <subfield code="d">Missa Regina coeli</subfield>
        <subfield code="t">Kyrie</subfield>
        <subfield code="m">STT2|AB</subfield>
        <subfield code="q">composed by Kerle, Jacobus de</subfield>
      </datafield>
      <datafield tag="031" ind1=" " ind2=" ">
        <subfield code="a">1</subfield>
        <subfield code="b">2</subfield>
        <subfield code="c">1</subfield>
        <subfield code="d">Missa Regina coeli</subfield>
        <subfield code="t">[Gloria] Et in terra / Domine fili / Qui tollis</subfield>
        <subfield code="m">STT2+|AB / ST2|A / STT2+|AB</subfield>
        <subfield code="q">composed by Kerle, Jacobus de</subfield>
        <subfield code="q">Domine fili "Tenor pr. tacet." und "Bassus tacet".</subfield>
      </datafield>
      <datafield tag="031" ind1=" " ind2=" ">
        <subfield code="a">1</subfield>
        <subfield code="b">3</subfield>
        <subfield code="c">1</subfield>
        <subfield code="d">Missa Regina coeli</subfield>
        <subfield code="t">[Credo] Patrem / Crucifixus / Et ascendit / Et in spiritum</subfield>
        <subfield code="m">STT2+|AB / ST|A / ST2|AB / STT2+|AB</subfield>
        <subfield code="q">composed by Kerle, Jacobus de</subfield>
        <subfield code="q">Crucifixus "Tenor secund. tacet." und "Bassus tacet". Et ascendit "Tenor primus tacet."</subfield>
      </datafield>
      <datafield tag="031" ind1=" " ind2=" ">
        <subfield code="a">1</subfield>
        <subfield code="b">4</subfield>
        <subfield code="c">1</subfield>
        <subfield code="d">Missa Regina coeli</subfield>
        <subfield code="t">Sanctus / Osanna / Benedictus</subfield>
        <subfield code="m">STT2+|AB/ - / ST|AB</subfield>
        <subfield code="q">composed by Kerle, Jacobus de</subfield>
        <subfield code="q">Benedictus "Tenor secund. tacet."</subfield>
      </datafield>
      <datafield tag="031" ind1=" " ind2=" ">
        <subfield code="a">1</subfield>
        <subfield code="b">5</subfield>
        <subfield code="c">1</subfield>
        <subfield code="d">Missa Regina coeli</subfield>
        <subfield code="t">Agnus Dei / Agnus Dei [dona nobis pacem]</subfield>
        <subfield code="m">STT2|AB / STT2|S2AA2B</subfield>
        <subfield code="q">composed by Kerle, Jacobus de</subfield>
        <subfield code="q">Zweites Agnus Dei in Tenor 2 Agnus Dei-Text und "Regina caeli" und in Altus 2 Agnus Dei-Text und "Cum iucunditate", einem Bestandteil von Nativitatis BMV.</subfield>
      </datafield>
      <datafield tag="100" ind1=" " ind2=" ">
        <subfield code="a">Kerle, Jacobus de</subfield>
      </datafield>
      <datafield tag="240" ind1=" " ind2=" ">
        <subfield code="a">Missa Regina coeli</subfield>
        <subfield code="m">V (7)</subfield>
      </datafield>
      <datafield tag="245" ind1=" " ind2=" ">
        <subfield code="a">Missa Regina caeli</subfield>
      </datafield>
      <datafield tag="300" ind1=" " ind2=" ">
        <subfield code="a">Choirbook, fol. 78v-101r</subfield>
        <subfield code="8">01</subfield>
      </datafield>
      <datafield tag="500" ind1=" " ind2=" ">
        <subfield code="a"/>
        <subfield code="a">Textnachweis: Ordinarium missae</subfield>
        <subfield code="a">Titel im Index: Missa Regina caeli</subfield>
        <subfield code="a">Ordinarium missae</subfield>
        <subfield code="a">Kerle, Jacobus de</subfield>
        <subfield code="a">Missa Regina coeli</subfield>
      </datafield>
      <datafield tag="730" ind1=" " ind2=" ">
        <subfield code="a">Missa Regina coeli</subfield>
      </datafield>
      <datafield tag="730" ind1=" " ind2=" ">
        <subfield code="a">Missa Regina caeli</subfield>
      </datafield>
      <datafield tag="730" ind1=" " ind2=" ">
        <subfield code="a">Messe</subfield>
      </datafield>
      <datafield tag="773" ind1=" " ind2=" ">
        <subfield code="w">85700011</subfield>
      </datafield>
      <datafield tag="852" ind1=" " ind2=" ">
        <subfield code="a">V-CVbav</subfield>
        <subfield code="c">CS 84</subfield>
        <subfield code="z">Fondo Cappella Sistina</subfield>
      </datafield>
      <datafield tag="593" ind1=" " ind2=" ">
        <subfield code="a">Print</subfield>
        <subfield code="8">01</subfield>
      </datafield>
      <datafield tag="594" ind1=" " ind2=" ">
        <subfield code="b">S</subfield>
        <subfield code="c">2</subfield>
      </datafield>
      <datafield tag="594" ind1=" " ind2=" ">
        <subfield code="b">T</subfield>
        <subfield code="c">2</subfield>
      </datafield>
      <datafield tag="594" ind1=" " ind2=" ">
        <subfield code="b">A</subfield>
        <subfield code="c">2</subfield>
      </datafield>
      <datafield tag="594" ind1=" " ind2=" ">
        <subfield code="b">B</subfield>
        <subfield code="c">1</subfield>
      </datafield>
    </record>