
    <record>
      <leader>00000ncd a2200000 u 4500</leader>
      <controlfield tag="001">85701157</controlfield>
      <datafield tag="031" ind1=" " ind2=" ">
        <subfield code="a">1</subfield>
        <subfield code="b">1</subfield>
        <subfield code="c">1</subfield>
        <subfield code="d">Te Deum laudamus</subfield>
        <subfield code="t">Te deum laudamus</subfield>
        <subfield code="m">T</subfield>
        <subfield code="q">composed by Kerle, Jacobus de</subfield>
        <subfield code="q">Choraliter</subfield>
      </datafield>
      <datafield tag="031" ind1=" " ind2=" ">
        <subfield code="a">1</subfield>
        <subfield code="b">2</subfield>
        <subfield code="c">1</subfield>
        <subfield code="d">Te Deum laudamus</subfield>
        <subfield code="t">Te Dominum confitemur</subfield>
        <subfield code="m">STT2|AB</subfield>
        <subfield code="q">composed by Kerle, Jacobus de</subfield>
      </datafield>
      <datafield tag="031" ind1=" " ind2=" ">
        <subfield code="a">1</subfield>
        <subfield code="b">3</subfield>
        <subfield code="c">1</subfield>
        <subfield code="d">Te Deum laudamus</subfield>
        <subfield code="t">Te aeternum Patrem omnis terra veneratur</subfield>
        <subfield code="m">STT2|AB</subfield>
        <subfield code="q">composed by Kerle, Jacobus de</subfield>
      </datafield>
      <datafield tag="031" ind1=" " ind2=" ">
        <subfield code="a">1</subfield>
        <subfield code="b">4</subfield>
        <subfield code="c">1</subfield>
        <subfield code="d">Te Deum laudamus</subfield>
        <subfield code="t">Tibi omnes angeli, tibi caeli et universae potestas</subfield>
        <subfield code="m">STT2|AB</subfield>
        <subfield code="q">composed by Kerle, Jacobus de</subfield>
      </datafield>
      <datafield tag="031" ind1=" " ind2=" ">
        <subfield code="a">1</subfield>
        <subfield code="b">5</subfield>
        <subfield code="c">1</subfield>
        <subfield code="d">Te Deum laudamus</subfield>
        <subfield code="t">Tibi Cherubim et Seraphim incessabili voce proclamant</subfield>
        <subfield code="m">STT2|AB</subfield>
        <subfield code="q">composed by Kerle, Jacobus de</subfield>
      </datafield>
      <datafield tag="031" ind1=" " ind2=" ">
        <subfield code="a">1</subfield>
        <subfield code="b">6</subfield>
        <subfield code="c">1</subfield>
        <subfield code="d">Te Deum laudamus</subfield>
        <subfield code="t">Sanctus</subfield>
        <subfield code="m">STT2|AB</subfield>
        <subfield code="q">composed by Kerle, Jacobus de</subfield>
      </datafield>
      <datafield tag="031" ind1=" " ind2=" ">
        <subfield code="a">1</subfield>
        <subfield code="b">7</subfield>
        <subfield code="c">1</subfield>
        <subfield code="d">Te Deum laudamus</subfield>
        <subfield code="t">Sanctus</subfield>
        <subfield code="m">STT2|AB</subfield>
        <subfield code="q">composed by Kerle, Jacobus de</subfield>
      </datafield>
      <datafield tag="031" ind1=" " ind2=" ">
        <subfield code="a">1</subfield>
        <subfield code="b">8</subfield>
        <subfield code="c">1</subfield>
        <subfield code="d">Te Deum laudamus</subfield>
        <subfield code="t">Sanctus Dominus Deus Sabaoth</subfield>
        <subfield code="m">STT2|AB</subfield>
        <subfield code="q">composed by Kerle, Jacobus de</subfield>
      </datafield>
      <datafield tag="031" ind1=" " ind2=" ">
        <subfield code="a">1</subfield>
        <subfield code="b">9</subfield>
        <subfield code="c">1</subfield>
        <subfield code="d">Te Deum laudamus</subfield>
        <subfield code="t">Pleni sunt caeli et terrae maiestatis gloriae tuae</subfield>
        <subfield code="m">STT2|AB</subfield>
        <subfield code="q">composed by Kerle, Jacobus de</subfield>
      </datafield>
      <datafield tag="031" ind1=" " ind2=" ">
        <subfield code="a">1</subfield>
        <subfield code="b">10</subfield>
        <subfield code="c">1</subfield>
        <subfield code="d">Te Deum laudamus</subfield>
        <subfield code="t">Te gloriosum apostolorum chorus</subfield>
        <subfield code="m">STT2|AB</subfield>
        <subfield code="q">composed by Kerle, Jacobus de</subfield>
      </datafield>
      <datafield tag="031" ind1=" " ind2=" ">
        <subfield code="a">1</subfield>
        <subfield code="b">11</subfield>
        <subfield code="c">1</subfield>
        <subfield code="d">Te Deum laudamus</subfield>
        <subfield code="t">Te prophetarum laudabilis numerus</subfield>
        <subfield code="m">STT2|AB</subfield>
        <subfield code="q">composed by Kerle, Jacobus de</subfield>
      </datafield>
      <datafield tag="031" ind1=" " ind2=" ">
        <subfield code="a">1</subfield>
        <subfield code="b">12</subfield>
        <subfield code="c">1</subfield>
        <subfield code="d">Te Deum laudamus</subfield>
        <subfield code="t">Te martyrum candidatus laudat exercitus</subfield>
        <subfield code="m">STT2|AB</subfield>
        <subfield code="q">composed by Kerle, Jacobus de</subfield>
      </datafield>
      <datafield tag="031" ind1=" " ind2=" ">
        <subfield code="a">1</subfield>
        <subfield code="b">13</subfield>
        <subfield code="c">1</subfield>
        <subfield code="d">Te Deum laudamus</subfield>
        <subfield code="t">Te per orbem terrarum sancta confitetur ecclesia</subfield>
        <subfield code="m">STT2+|AB</subfield>
        <subfield code="q">composed by Kerle, Jacobus de</subfield>
      </datafield>
      <datafield tag="031" ind1=" " ind2=" ">
        <subfield code="a">1</subfield>
        <subfield code="b">14</subfield>
        <subfield code="c">1</subfield>
        <subfield code="d">Te Deum laudamus</subfield>
        <subfield code="t">Patrem immensae maiestatis</subfield>
        <subfield code="m">STT2|AB</subfield>
        <subfield code="q">composed by Kerle, Jacobus de</subfield>
      </datafield>
      <datafield tag="031" ind1=" " ind2=" ">
        <subfield code="a">1</subfield>
        <subfield code="b">15</subfield>
        <subfield code="c">1</subfield>
        <subfield code="d">Te Deum laudamus</subfield>
        <subfield code="t">Venerandum tum verum et unicum filium</subfield>
        <subfield code="m">STT2|AB</subfield>
        <subfield code="q">composed by Kerle, Jacobus de</subfield>
      </datafield>
      <datafield tag="031" ind1=" " ind2=" ">
        <subfield code="a">1</subfield>
        <subfield code="b">16</subfield>
        <subfield code="c">1</subfield>
        <subfield code="d">Te Deum laudamus</subfield>
        <subfield code="t">Sanctum quoque paraclitum spitritum</subfield>
        <subfield code="m">STT2|AB</subfield>
        <subfield code="q">composed by Kerle, Jacobus de</subfield>
      </datafield>
      <datafield tag="031" ind1=" " ind2=" ">
        <subfield code="a">1</subfield>
        <subfield code="b">17</subfield>
        <subfield code="c">1</subfield>
        <subfield code="d">Te Deum laudamus</subfield>
        <subfield code="t">Tu Rex gloriae Christe</subfield>
        <subfield code="m">STT2+|AB</subfield>
        <subfield code="q">composed by Kerle, Jacobus de</subfield>
      </datafield>
      <datafield tag="031" ind1=" " ind2=" ">
        <subfield code="a">1</subfield>
        <subfield code="b">18</subfield>
        <subfield code="c">1</subfield>
        <subfield code="d">Te Deum laudamus</subfield>
        <subfield code="t">Tu Patris sempiternus es filius</subfield>
        <subfield code="m">STT2|AB</subfield>
        <subfield code="q">composed by Kerle, Jacobus de</subfield>
      </datafield>
      <datafield tag="031" ind1=" " ind2=" ">
        <subfield code="a">1</subfield>
        <subfield code="b">19</subfield>
        <subfield code="c">1</subfield>
        <subfield code="d">Te Deum laudamus</subfield>
        <subfield code="t">Tu ad liberandum suscepturus hominem: non horruisti virginis uterum</subfield>
        <subfield code="m">STT2+|AB</subfield>
        <subfield code="q">composed by Kerle, Jacobus de</subfield>
      </datafield>
      <datafield tag="031" ind1=" " ind2=" ">
        <subfield code="a">1</subfield>
        <subfield code="b">20</subfield>
        <subfield code="c">1</subfield>
        <subfield code="d">Te Deum laudamus</subfield>
        <subfield code="t">Tu devicto mortis aeculo, aperuisti credentibus regna caelorum</subfield>
        <subfield code="m">STT2|AB</subfield>
        <subfield code="q">composed by Kerle, Jacobus de</subfield>
      </datafield>
      <datafield tag="031" ind1=" " ind2=" ">
        <subfield code="a">1</subfield>
        <subfield code="b">21</subfield>
        <subfield code="c">1</subfield>
        <subfield code="d">Te Deum laudamus</subfield>
        <subfield code="t">Tu ad dexteram fedes, in gloria Patris</subfield>
        <subfield code="m">STT2|AB</subfield>
        <subfield code="q">composed by Kerle, Jacobus de</subfield>
      </datafield>
      <datafield tag="031" ind1=" " ind2=" ">
        <subfield code="a">1</subfield>
        <subfield code="b">22</subfield>
        <subfield code="c">1</subfield>
        <subfield code="d">Te Deum laudamus</subfield>
        <subfield code="t">Iudex crederis esse venturus</subfield>
        <subfield code="m">STT2|AB</subfield>
        <subfield code="q">composed by Kerle, Jacobus de</subfield>
      </datafield>
      <datafield tag="031" ind1=" " ind2=" ">
        <subfield code="a">1</subfield>
        <subfield code="b">23</subfield>
        <subfield code="c">1</subfield>
        <subfield code="d">Te Deum laudamus</subfield>
        <subfield code="t">Te ergo quaesumus famulis tuis subveni, quos pretioso sanguine redemisti</subfield>
        <subfield code="m">STT2|AB</subfield>
        <subfield code="q">composed by Kerle, Jacobus de</subfield>
      </datafield>
      <datafield tag="031" ind1=" " ind2=" ">
        <subfield code="a">1</subfield>
        <subfield code="b">24</subfield>
        <subfield code="c">1</subfield>
        <subfield code="d">Te Deum laudamus</subfield>
        <subfield code="t">Aeterna fac cum sanctis tuis in gloria numerari</subfield>
        <subfield code="m">STT2|AB</subfield>
        <subfield code="q">composed by Kerle, Jacobus de</subfield>
      </datafield>
      <datafield tag="031" ind1=" " ind2=" ">
        <subfield code="a">1</subfield>
        <subfield code="b">25</subfield>
        <subfield code="c">1</subfield>
        <subfield code="d">Te Deum laudamus</subfield>
        <subfield code="t">Salvum fac populum tuum Domine et benedic haereditati tuae</subfield>
        <subfield code="m">STT2|AB</subfield>
        <subfield code="q">composed by Kerle, Jacobus de</subfield>
      </datafield>
      <datafield tag="031" ind1=" " ind2=" ">
        <subfield code="a">1</subfield>
        <subfield code="b">26</subfield>
        <subfield code="c">1</subfield>
        <subfield code="d">Te Deum laudamus</subfield>
        <subfield code="t">Et rege eos et extolle illos: usque in aeternum</subfield>
        <subfield code="m">STT2|AB</subfield>
        <subfield code="q">composed by Kerle, Jacobus de</subfield>
      </datafield>
      <datafield tag="031" ind1=" " ind2=" ">
        <subfield code="a">1</subfield>
        <subfield code="b">27</subfield>
        <subfield code="c">1</subfield>
        <subfield code="d">Te Deum laudamus</subfield>
        <subfield code="t">Et singulos dies benedicamus re</subfield>
        <subfield code="m">STT2|AB</subfield>
        <subfield code="q">composed by Kerle, Jacobus de</subfield>
      </datafield>
      <datafield tag="031" ind1=" " ind2=" ">
        <subfield code="a">1</subfield>
        <subfield code="b">28</subfield>
        <subfield code="c">1</subfield>
        <subfield code="d">Te Deum laudamus</subfield>
        <subfield code="t">Et laudamus nomen tuum in saeculum et in saeculum saeculi</subfield>
        <subfield code="m">STT2|AB</subfield>
        <subfield code="q">composed by Kerle, Jacobus de</subfield>
      </datafield>
      <datafield tag="031" ind1=" " ind2=" ">
        <subfield code="a">1</subfield>
        <subfield code="b">29</subfield>
        <subfield code="c">1</subfield>
        <subfield code="d">Te Deum laudamus</subfield>
        <subfield code="t">Dignare Domine die isto sine peccato nos custodire</subfield>
        <subfield code="m">TT2|A</subfield>
        <subfield code="q">composed by Kerle, Jacobus de</subfield>
        <subfield code="q">Tenor "Dignare tacet.", Bassus "Dignare tacet.". Bei den anderen Stimmen Trium vocum.</subfield>
      </datafield>
      <datafield tag="031" ind1=" " ind2=" ">
        <subfield code="a">1</subfield>
        <subfield code="b">30</subfield>
        <subfield code="c">1</subfield>
        <subfield code="d">Te Deum laudamus</subfield>
        <subfield code="t">Miserere nostri Domine</subfield>
        <subfield code="m">TT2+|AB</subfield>
        <subfield code="q">composed by Kerle, Jacobus de</subfield>
        <subfield code="q">Superius:"Miserere nostri Domine tacet." Bei den anderen Stimmen Quatuor vocum.</subfield>
      </datafield>
      <datafield tag="031" ind1=" " ind2=" ">
        <subfield code="a">1</subfield>
        <subfield code="b">31</subfield>
        <subfield code="c">1</subfield>
        <subfield code="d">Te Deum laudamus</subfield>
        <subfield code="t">Fiat misericordia tua Domine super nos, quemadmodum speraqvimus in te</subfield>
        <subfield code="m">STT2|AB</subfield>
        <subfield code="q">composed by Kerle, Jacobus de</subfield>
      </datafield>
      <datafield tag="031" ind1=" " ind2=" ">
        <subfield code="a">1</subfield>
        <subfield code="b">32</subfield>
        <subfield code="c">1</subfield>
        <subfield code="d">Te Deum laudamus</subfield>
        <subfield code="t">In te Domine speravi, non confundar in aeternum</subfield>
        <subfield code="m">STT2|AB</subfield>
        <subfield code="q">composed by Kerle, Jacobus de</subfield>
      </datafield>
      <datafield tag="100" ind1=" " ind2=" ">
        <subfield code="a">Kerle, Jacobus de</subfield>
      </datafield>
      <datafield tag="240" ind1=" " ind2=" ">
        <subfield code="a">Te Deum laudamus</subfield>
        <subfield code="m">V (5)</subfield>
      </datafield>
      <datafield tag="245" ind1=" " ind2=" ">
        <subfield code="a">Te Deum laudamus</subfield>
      </datafield>
      <datafield tag="300" ind1=" " ind2=" ">
        <subfield code="a">Choirbook, fol. 102v-115r</subfield>
        <subfield code="8">01</subfield>
      </datafield>
      <datafield tag="500" ind1=" " ind2=" ">
        <subfield code="a"/>
        <subfield code="a">Textnachweis: GR, p. 114*-120*, AMo, p. 1356, LU, p. 1832-37</subfield>
        <subfield code="a">Titel im Index: Te Deum laudamus</subfield>
        <subfield code="a">Per gratiarum actione</subfield>
      </datafield>
      <datafield tag="657" ind1=" " ind2=" ">
        <subfield code="a">Per gratiarum actione</subfield>
      </datafield>
      <datafield tag="730" ind1=" " ind2=" ">
        <subfield code="a">Te Deum laudamus</subfield>
      </datafield>
      <datafield tag="730" ind1=" " ind2=" ">
        <subfield code="a">Te Deum laudamus</subfield>
      </datafield>
      <datafield tag="730" ind1=" " ind2=" ">
        <subfield code="a">Hymnus</subfield>
      </datafield>
      <datafield tag="773" ind1=" " ind2=" ">
        <subfield code="w">85700011</subfield>
      </datafield>
      <datafield tag="852" ind1=" " ind2=" ">
        <subfield code="a">V-CVbav</subfield>
        <subfield code="c">CS 84</subfield>
        <subfield code="z">Fondo Cappella Sistina</subfield>
      </datafield>
      <datafield tag="593" ind1=" " ind2=" ">
        <subfield code="a">Print</subfield>
        <subfield code="8">01</subfield>
      </datafield>
      <datafield tag="594" ind1=" " ind2=" ">
        <subfield code="b">S</subfield>
        <subfield code="c">1</subfield>
      </datafield>
      <datafield tag="594" ind1=" " ind2=" ">
        <subfield code="b">T</subfield>
        <subfield code="c">2</subfield>
      </datafield>
      <datafield tag="594" ind1=" " ind2=" ">
        <subfield code="b">A</subfield>
        <subfield code="c">1</subfield>
      </datafield>
      <datafield tag="594" ind1=" " ind2=" ">
        <subfield code="b">B</subfield>
        <subfield code="c">1</subfield>
      </datafield>
    </record>