
  </content>
  <record>
    <leader>00000ncc a2200000 u 4500</leader>
    <controlfield tag="001">85700012</controlfield>
    <datafield tag="041" ind1=" " ind2=" ">
      <subfield code="a">lat</subfield>
    </datafield>
    <datafield tag="100" ind1=" " ind2=" ">
      <subfield code="a">Antonio Cifra</subfield>
    </datafield>
    <datafield tag="130" ind1=" " ind2=" ">
      <subfield code="a">Sacred songs</subfield>
    </datafield>
    <datafield tag="245" ind1=" " ind2=" ">
      <subfield code="a">ANTONII CIFRAE | ROMANI | IN ALMA AEDE LAVRENTANA | MVSICAE PRAEFECTI | MISSARVM | LIBER SECVNDVS. | AD SERENIS: RANVCCIVM FARNESIVM | PARMAE ET PLACENTIAE DUX | ROMAE, | Apud Lucam Antonium Soldum. M. DC. XXI | SVPERIORVM PERMISSV.</subfield>
    </datafield>
    <datafield tag="260" ind1=" " ind2=" ">
      <subfield code="a">Rom</subfield>
      <subfield code="b">Roma: Luca Antonio Soldi</subfield>
      <subfield code="c">1621</subfield>
      <subfield code="8">01</subfield>
    </datafield>
    <datafield tag="300" ind1=" " ind2=" ">
      <subfield code="a">1 choirbook: 119f.</subfield>
      <subfield code="b">Papier</subfield>
      <subfield code="c">525x385</subfield>
      <subfield code="8">01</subfield>
    </datafield>
    <datafield tag="500" ind1=" " ind2=" ">
      <subfield code="a">Aktuelle Lagenstrukturen: f01, III1 ... III238. Das letzte Batt der Lage ist sozusagen Nachsatzblatt, das drite ist auf den inneren Buckrücken geklebt.</subfield>
      <subfield code="8">01</subfield>
    </datafield>
    <datafield tag="500" ind1=" " ind2=" ">
      <subfield code="a"/>
      <subfield code="a">ANTONII CIFRAE / ROMANI / IN ALMA AEDE LAVRENTANA / MVSICAE PRAEFECTI / MISSARVM / LIBER SECVNDVS. / AD SERENIS: RANVCCIVM FARNESIVM / PARMAE ET PLACENTIAE DUX / ROMAE, / Apud Lucam Antonium Soldum. M. DC. XXI / SVPERIORVM PERMISSV.</subfield>
      <subfield code="a">Aktuelle Blattzählung: Ein Vor- und ein Nachsatzblatt unterscheiden die Blattzählung von CS 83, ansonsten ist sie identisch, d.h. ebenso fehlerhaft</subfield>
      <subfield code="a">Rom: Luca Antonio Soldi</subfield>
    </datafield>
    <datafield tag="563" ind1=" " ind2=" ">
      <subfield code="a">Im Gegensatz zu CS 83 herrlicher Einband aus auf dicke Pappe gezogenem rotem Leder. Goldene Ornamente vor allem aus Pflanzen (Lorbeer) mit dem Weppen der Farnese in der Mitte. Das Kupferstichfrontspiz ist im Vergleich zu CS 83 bunt ausgemalt und wirkt dadurch noch einmal so reichhaltig. Der Schnitt (also die Seitenkanten) ist vergoldet und zusätzlich mit halbrinden Einstanzungen versehen. Ranuccio IV. strab 1622, also ein Jahr nachdem der Druck erschienen war.</subfield>
      <subfield code="8">01</subfield>
    </datafield>
    <datafield tag="593" ind1=" " ind2=" ">
      <subfield code="a">Print</subfield>
      <subfield code="8">01</subfield>
    </datafield>
    <datafield tag="650" ind1=" " ind2=" ">
      <subfield code="a">Missarum liber secundus</subfield>
    </datafield>
    <datafield tag="691" ind1=" " ind2=" ">
      <subfield code="a">RISM C2206</subfield>
    </datafield>
    <datafield tag="691" ind1=" " ind2=" ">
      <subfield code="a">HaberlV 1888</subfield>
      <subfield code="n">p. 31</subfield>
      <subfield code="0">3122</subfield>
    </datafield>
    <datafield tag="691" ind1=" " ind2=" ">
      <subfield code="a">LlorensS 1960</subfield>
      <subfield code="n">p. 139</subfield>
      <subfield code="0">144</subfield>
    </datafield>
    <datafield tag="691" ind1=" " ind2=" ">
      <subfield code="a">CeliL 1753</subfield>
      <subfield code="n">A085</subfield>
      <subfield code="0">41001973</subfield>
    </datafield>
    <datafield tag="691" ind1=" " ind2=" ">
      <subfield code="a">StoraceP 1813</subfield>
      <subfield code="n">A085</subfield>
      <subfield code="0">41001976</subfield>
    </datafield>
    <datafield tag="691" ind1=" " ind2=" ">
      <subfield code="a">SalvatiL 1863</subfield>
      <subfield code="n">085</subfield>
      <subfield code="0">41001978</subfield>
    </datafield>
    <datafield tag="700" ind1=" " ind2=" ">
      <subfield code="a">Ranuccio Farnese, Enkel Pauls III. und Fürst  (Ranuccio IV.) von Piacenza und Parma</subfield>
      <subfield code="4">oth</subfield>
    </datafield>
    <datafield tag="700" ind1=" " ind2=" ">
      <subfield code="a">Roma: Luca Antonio Soldi</subfield>
      <subfield code="4">oth</subfield>
    </datafield>
    <datafield tag="710" ind1=" " ind2=" ">
      <subfield code="a">Capella Sistina</subfield>
      <subfield code="0">51000666</subfield>
      <subfield code="4">evp</subfield>
    </datafield>
    <datafield tag="852" ind1=" " ind2=" ">
      <subfield code="a">V-CVbav</subfield>
      <subfield code="c">CS 85</subfield>
      <subfield code="d">085</subfield>
      <subfield code="d">A085</subfield>
      <subfield code="z">Fondo Cappella Sistina</subfield>
    </datafield>
  </record>