
    <record>
      <leader>00000ncd a2200000 u 4500</leader>
      <controlfield tag="001">85701180</controlfield>
      <datafield tag="031" ind1=" " ind2=" ">
        <subfield code="a">1</subfield>
        <subfield code="b">1</subfield>
        <subfield code="c">1</subfield>
        <subfield code="d">Quicumque Christum quaeritis</subfield>
        <subfield code="t">Quicumque Christum quaeritis</subfield>
        <subfield code="m">T - ST|AB</subfield>
        <subfield code="q">composed by Palestrina, Giovanni Pierluigi da</subfield>
        <subfield code="q">Intonation im Tenor</subfield>
      </datafield>
      <datafield tag="031" ind1=" " ind2=" ">
        <subfield code="a">1</subfield>
        <subfield code="b">2</subfield>
        <subfield code="c">1</subfield>
        <subfield code="d">Quicumque Christum quaeritis</subfield>
        <subfield code="t">Illustre quiddam cernimus</subfield>
        <subfield code="m">T</subfield>
        <subfield code="q">composed by Palestrina, Giovanni Pierluigi da</subfield>
        <subfield code="q">Choraliter</subfield>
      </datafield>
      <datafield tag="031" ind1=" " ind2=" ">
        <subfield code="a">1</subfield>
        <subfield code="b">3</subfield>
        <subfield code="c">1</subfield>
        <subfield code="d">Quicumque Christum quaeritis</subfield>
        <subfield code="t">Hic ille Rex est gentium</subfield>
        <subfield code="m">ST|AB</subfield>
        <subfield code="q">composed by Palestrina, Giovanni Pierluigi da</subfield>
      </datafield>
      <datafield tag="031" ind1=" " ind2=" ">
        <subfield code="a">1</subfield>
        <subfield code="b">4</subfield>
        <subfield code="c">1</subfield>
        <subfield code="d">Quicumque Christum quaeritis</subfield>
        <subfield code="t">Hunc et prophetis testibus</subfield>
        <subfield code="m">T</subfield>
        <subfield code="q">composed by Palestrina, Giovanni Pierluigi da</subfield>
        <subfield code="q">Choraliter</subfield>
      </datafield>
      <datafield tag="031" ind1=" " ind2=" ">
        <subfield code="a">1</subfield>
        <subfield code="b">5</subfield>
        <subfield code="c">1</subfield>
        <subfield code="d">Quicumque Christum quaeritis</subfield>
        <subfield code="t">Iesu tibi sit gloria</subfield>
        <subfield code="m">ST|AB</subfield>
        <subfield code="q">composed by Palestrina, Giovanni Pierluigi da</subfield>
      </datafield>
      <datafield tag="100" ind1=" " ind2=" ">
        <subfield code="a">Palestrina, Giovanni Pierluigi da</subfield>
      </datafield>
      <datafield tag="240" ind1=" " ind2=" ">
        <subfield code="a">Quicumque Christum quaeritis</subfield>
        <subfield code="m">V (4)</subfield>
      </datafield>
      <datafield tag="245" ind1=" " ind2=" ">
        <subfield code="a">[without title]</subfield>
      </datafield>
      <datafield tag="300" ind1=" " ind2=" ">
        <subfield code="a">Choirbook, fol. 119</subfield>
        <subfield code="8">01</subfield>
      </datafield>
      <datafield tag="500" ind1=" " ind2=" ">
        <subfield code="a"/>
        <subfield code="a">Textnachweis: RH 16557</subfield>
        <subfield code="a">In Festo Transfigurationis Domini</subfield>
        <subfield code="a">Palestrina, Giovanni Pierluigi da</subfield>
        <subfield code="a">Quicumque Christum quaeritis</subfield>
      </datafield>
      <datafield tag="657" ind1=" " ind2=" ">
        <subfield code="a">In Festo Transfigurationis Domini</subfield>
      </datafield>
      <datafield tag="691" ind1=" " ind2=" ">
        <subfield code="a">Palestrina GA</subfield>
        <subfield code="n">vol. 6,  p. 86-89</subfield>
        <subfield code="0"> p. 86-89</subfield>
      </datafield>
      <datafield tag="691" ind1=" " ind2=" ">
        <subfield code="a">Palestrina OC</subfield>
        <subfield code="n">vol. 14,  p. 114-118</subfield>
        <subfield code="0"> p. 114-118</subfield>
      </datafield>
      <datafield tag="730" ind1=" " ind2=" ">
        <subfield code="a">Quicumque Christum quaeritis</subfield>
      </datafield>
      <datafield tag="730" ind1=" " ind2=" ">
        <subfield code="a">Hymnus</subfield>
      </datafield>
      <datafield tag="773" ind1=" " ind2=" ">
        <subfield code="w">85700013</subfield>
      </datafield>
      <datafield tag="852" ind1=" " ind2=" ">
        <subfield code="a">V-CVbav</subfield>
        <subfield code="c">CS 156</subfield>
        <subfield code="z">Fondo Cappella Sistina</subfield>
      </datafield>
      <datafield tag="593" ind1=" " ind2=" ">
        <subfield code="a">Print</subfield>
        <subfield code="8">01</subfield>
      </datafield>
      <datafield tag="594" ind1=" " ind2=" ">
        <subfield code="b">S</subfield>
        <subfield code="c">1</subfield>
      </datafield>
      <datafield tag="594" ind1=" " ind2=" ">
        <subfield code="b">T</subfield>
        <subfield code="c">1</subfield>
      </datafield>
      <datafield tag="594" ind1=" " ind2=" ">
        <subfield code="b">A</subfield>
        <subfield code="c">1</subfield>
      </datafield>
      <datafield tag="594" ind1=" " ind2=" ">
        <subfield code="b">B</subfield>
        <subfield code="c">1</subfield>
      </datafield>
    </record>