
  </content>
  <record>
    <leader>00000ncc a2200000 u 4500</leader>
    <controlfield tag="001">85700014</controlfield>
    <datafield tag="041" ind1=" " ind2=" ">
      <subfield code="a">lat</subfield>
    </datafield>
    <datafield tag="100" ind1=" " ind2=" ">
      <subfield code="a">Alphonso Lobo de Borja</subfield>
    </datafield>
    <datafield tag="130" ind1=" " ind2=" ">
      <subfield code="a">Masses</subfield>
    </datafield>
    <datafield tag="245" ind1=" " ind2=" ">
      <subfield code="a">LIBER PRIMVS MISSARVM, | ALPHONSI Lobo de Borja, | SANCTAE ECCLESIAE | TOLETANAE, HISP. PRIMATIS, | PORTIONARIJ; Musiacaesq. Praefecti. | ... | MATRITI, Ex Typographia Regia: M. DC II.</subfield>
    </datafield>
    <datafield tag="260" ind1=" " ind2=" ">
      <subfield code="a">Madrid</subfield>
      <subfield code="b">Madrid: Joannes Flandrus, gedruckt in der kgl. Druckerei</subfield>
      <subfield code="c">1602</subfield>
      <subfield code="8">01</subfield>
    </datafield>
    <datafield tag="300" ind1=" " ind2=" ">
      <subfield code="a">1 choirbook: 137f.</subfield>
      <subfield code="b">Papier</subfield>
      <subfield code="c">590x430</subfield>
      <subfield code="8">01</subfield>
    </datafield>
    <datafield tag="500" ind1=" " ind2=" ">
      <subfield code="a">Aktuelle Lagenstrukturen: II2, VI1-136</subfield>
      <subfield code="8">01</subfield>
    </datafield>
    <datafield tag="500" ind1=" " ind2=" ">
      <subfield code="a"/>
      <subfield code="a">LIBER PRIMVS MISSARVM, / ALPHONSI Lobo de Borja, / SANCTAE ECCLESIAE / TOLETANAE, HISP. PRIMATIS, / PORTIONARIJ; Musiacaesq. Praefecti. / ... / MATRITI, Ex Typographia Regia: M. DC II.</subfield>
      <subfield code="a">Aktuelle Blattzählung: [01-02] 1-136 [03], arab. original eingedruckt oben rechts</subfield>
      <subfield code="a">Notation: weiß mensural</subfield>
      <subfield code="a">Dekoration: Schöner Kupferstich (350 x 238 mm) mit Instrumenten in der Umrahmung (Trommeln, Gitarren, Schalmeien, Pfeifen, Harfen Gamben, Posaunen, Orgel, Tamburin, Portative und leere Notenblättern). Im Innern ein kniender Bruder, der von der Mutter Gottes und Engeln mit dem Priester- oder Mönchsgewand bedeckt wird, darunter ein Medaillon mit dem Komponisten, der eine Fuga a 4, ein Kyrie in der Hand hält. Über dem Bild eine Fuga a 3 (OYldefonse accipe Vestem bant - oder banc) und um das Medaillon noch eine Fuga a 3 (Induit cum vestimento salutis et sacerdotes eius induant salutari).</subfield>
      <subfield code="a">Benutzungsspuren rechts unten</subfield>
      <subfield code="a">1. A-A6 (=fol. 1-6), B-B6 (=fol. 7-12) ... Z-Z4 (133-136).</subfield>
      <subfield code="a">2v-4v jeweils Kyrie oder Christe</subfield>
      <subfield code="a">Madrid</subfield>
    </datafield>
    <datafield tag="563" ind1=" " ind2=" ">
      <subfield code="a">Helles Pergament über dicke Pappe gezogen. Bindung und Einband in Auflösung begriffen. Rücken fast völlig zerstört</subfield>
      <subfield code="8">01</subfield>
    </datafield>
    <datafield tag="593" ind1=" " ind2=" ">
      <subfield code="a">Print</subfield>
      <subfield code="8">01</subfield>
    </datafield>
    <datafield tag="650" ind1=" " ind2=" ">
      <subfield code="a">Masses</subfield>
    </datafield>
    <datafield tag="691" ind1=" " ind2=" ">
      <subfield code="a">RISM L2588</subfield>
    </datafield>
    <datafield tag="691" ind1=" " ind2=" ">
      <subfield code="a">HaberlV 1888</subfield>
      <subfield code="n">p. 42</subfield>
      <subfield code="0">3122</subfield>
    </datafield>
    <datafield tag="691" ind1=" " ind2=" ">
      <subfield code="a">LlorensS 1960</subfield>
      <subfield code="n">p. 184f.</subfield>
      <subfield code="0">144</subfield>
    </datafield>
    <datafield tag="691" ind1=" " ind2=" ">
      <subfield code="a">PanuzziL 1687</subfield>
      <subfield code="n">149</subfield>
      <subfield code="0">41001975</subfield>
    </datafield>
    <datafield tag="691" ind1=" " ind2=" ">
      <subfield code="a">CeliL 1753</subfield>
      <subfield code="n">A118</subfield>
      <subfield code="0">41001973</subfield>
    </datafield>
    <datafield tag="691" ind1=" " ind2=" ">
      <subfield code="a">StoraceP 1813</subfield>
      <subfield code="n">A118</subfield>
      <subfield code="0">41001976</subfield>
    </datafield>
    <datafield tag="691" ind1=" " ind2=" ">
      <subfield code="a">SalvatiL 1863</subfield>
      <subfield code="n">157</subfield>
      <subfield code="0">41001978</subfield>
    </datafield>
    <datafield tag="700" ind1=" " ind2=" ">
      <subfield code="a">In Laudem Magistri Iosepho de Valdivielso und Patris Ioannis Ludovici de la Cerda, è Societate Iesu</subfield>
      <subfield code="4">oth</subfield>
    </datafield>
    <datafield tag="700" ind1=" " ind2=" ">
      <subfield code="a">Madrid: Joannes Flandrus, gedruckt in der kgl. Druckerei</subfield>
      <subfield code="4">oth</subfield>
    </datafield>
    <datafield tag="710" ind1=" " ind2=" ">
      <subfield code="a">Capella Sistina</subfield>
      <subfield code="0">51000666</subfield>
      <subfield code="4">evp</subfield>
    </datafield>
    <datafield tag="774" ind1=" " ind2=" ">
      <subfield code="w">85701197</subfield>
    </datafield>
    <datafield tag="774" ind1=" " ind2=" ">
      <subfield code="w">85701198</subfield>
    </datafield>
    <datafield tag="774" ind1=" " ind2=" ">
      <subfield code="w">85701199</subfield>
    </datafield>
    <datafield tag="774" ind1=" " ind2=" ">
      <subfield code="w">85701200</subfield>
    </datafield>
    <datafield tag="774" ind1=" " ind2=" ">
      <subfield code="w">85701201</subfield>
    </datafield>
    <datafield tag="774" ind1=" " ind2=" ">
      <subfield code="w">85701202</subfield>
    </datafield>
    <datafield tag="774" ind1=" " ind2=" ">
      <subfield code="w">85701203</subfield>
    </datafield>
    <datafield tag="774" ind1=" " ind2=" ">
      <subfield code="w">85701204</subfield>
    </datafield>
    <datafield tag="774" ind1=" " ind2=" ">
      <subfield code="w">85701205</subfield>
    </datafield>
    <datafield tag="774" ind1=" " ind2=" ">
      <subfield code="w">85701206</subfield>
    </datafield>
    <datafield tag="774" ind1=" " ind2=" ">
      <subfield code="w">85701207</subfield>
    </datafield>
    <datafield tag="774" ind1=" " ind2=" ">
      <subfield code="w">85701208</subfield>
    </datafield>
    <datafield tag="774" ind1=" " ind2=" ">
      <subfield code="w">85701209</subfield>
    </datafield>
    <datafield tag="852" ind1=" " ind2=" ">
      <subfield code="a">V-CVbav</subfield>
      <subfield code="c">CS 157</subfield>
      <subfield code="d">149</subfield>
      <subfield code="d">157</subfield>
      <subfield code="d">A118</subfield>
      <subfield code="z">Fondo Cappella Sistina</subfield>
    </datafield>
  </record>