
    <record>
      <leader>00000ncd a2200000 u 4500</leader>
      <controlfield tag="001">85701199</controlfield>
      <datafield tag="031" ind1=" " ind2=" ">
        <subfield code="a">1</subfield>
        <subfield code="b">1</subfield>
        <subfield code="c">1</subfield>
        <subfield code="d">Missa Prudentes virgines</subfield>
        <subfield code="t">Kyrie</subfield>
        <subfield code="m">STB+|AA2</subfield>
        <subfield code="q">composed by Lobo, Alfonso</subfield>
      </datafield>
      <datafield tag="031" ind1=" " ind2=" ">
        <subfield code="a">1</subfield>
        <subfield code="b">2</subfield>
        <subfield code="c">1</subfield>
        <subfield code="d">Missa Prudentes virgines</subfield>
        <subfield code="t">[Gloria] Et in terra / Qui tollis</subfield>
        <subfield code="m">STB+|AA2</subfield>
        <subfield code="q">composed by Lobo, Alfonso</subfield>
      </datafield>
      <datafield tag="031" ind1=" " ind2=" ">
        <subfield code="a">1</subfield>
        <subfield code="b">3</subfield>
        <subfield code="c">1</subfield>
        <subfield code="d">Missa Prudentes virgines</subfield>
        <subfield code="t">[Credo] Patrem / Crucifixus / Et in spiritum</subfield>
        <subfield code="m">STB+|AA2 / ST|AB / STB+|AA2</subfield>
        <subfield code="q">composed by Lobo, Alfonso</subfield>
        <subfield code="q">Im Tenor "Canon Conversus est retrorsum." und nach dem Notentext bis "ad dexteram Patris" steht der Text "Et iterum venturus est cum gloria iudicare . cuius regni non erit finis" Nach "Altus II Tacet."</subfield>
      </datafield>
      <datafield tag="031" ind1=" " ind2=" ">
        <subfield code="a">1</subfield>
        <subfield code="b">4</subfield>
        <subfield code="c">1</subfield>
        <subfield code="d">Missa Prudentes virgines</subfield>
        <subfield code="t">Sanctus / Osanna / Benedictus / Osanna</subfield>
        <subfield code="m">STB+|AA2 / SB|A / ST|B / ST(B)|AA2</subfield>
        <subfield code="q">composed by Lobo, Alfonso</subfield>
        <subfield code="q">Osanna I: über Cantus I:"Cantus II. Vadit et venit: sed de minimis non curat. Idem Tenor in octavam cancrizando." "Tenor supra Cantum II." "Altus II Tacet."Benedictus: "Altus I. Tacet." "Altus II. Tacet."Osanna II: Über Tenor"Currebant duo simul, sed Bassis praecurrit citius."</subfield>
      </datafield>
      <datafield tag="031" ind1=" " ind2=" ">
        <subfield code="a">1</subfield>
        <subfield code="b">5</subfield>
        <subfield code="c">1</subfield>
        <subfield code="d">Missa Prudentes virgines</subfield>
        <subfield code="t">Agnus Dei / Agnus Dei [miserere nobis]</subfield>
        <subfield code="m">STB+|AA2 / STB+|AA2 / -</subfield>
        <subfield code="q">composed by Lobo, Alfonso</subfield>
        <subfield code="q">Agnus II im Cantus:"Canon. Tenor in diapason." und im Tenor "Resolutio". Es seht im Cantus noch ein C-Takt, der gegenüber dem Tempus perf. cum prol. perfecta in Cantus doppelt so lange Notenwerte vorschreibt.</subfield>
      </datafield>
      <datafield tag="100" ind1=" " ind2=" ">
        <subfield code="a">Lobo, Alfonso</subfield>
      </datafield>
      <datafield tag="240" ind1=" " ind2=" ">
        <subfield code="a">Missa Prudentes virgines</subfield>
        <subfield code="m">V (5)</subfield>
      </datafield>
      <datafield tag="245" ind1=" " ind2=" ">
        <subfield code="a">[without title]</subfield>
      </datafield>
      <datafield tag="300" ind1=" " ind2=" ">
        <subfield code="a">Choirbook, fol. 44v-68r</subfield>
        <subfield code="8">01</subfield>
      </datafield>
      <datafield tag="500" ind1=" " ind2=" ">
        <subfield code="a"/>
        <subfield code="a">Textnachweis: Ordinarium missae</subfield>
        <subfield code="a">Ordinarium missae</subfield>
        <subfield code="a">Lobo, Alfonso</subfield>
        <subfield code="a">Missa Prudentes virgines</subfield>
      </datafield>
      <datafield tag="730" ind1=" " ind2=" ">
        <subfield code="a">Missa Prudentes virgines</subfield>
      </datafield>
      <datafield tag="730" ind1=" " ind2=" ">
        <subfield code="a">Messe</subfield>
      </datafield>
      <datafield tag="773" ind1=" " ind2=" ">
        <subfield code="w">85700014</subfield>
      </datafield>
      <datafield tag="852" ind1=" " ind2=" ">
        <subfield code="a">V-CVbav</subfield>
        <subfield code="c">CS 157</subfield>
        <subfield code="z">Fondo Cappella Sistina</subfield>
      </datafield>
      <datafield tag="593" ind1=" " ind2=" ">
        <subfield code="a">Print</subfield>
        <subfield code="8">01</subfield>
      </datafield>
      <datafield tag="594" ind1=" " ind2=" ">
        <subfield code="b">S</subfield>
        <subfield code="c">1</subfield>
      </datafield>
      <datafield tag="594" ind1=" " ind2=" ">
        <subfield code="b">T</subfield>
        <subfield code="c">1</subfield>
      </datafield>
      <datafield tag="594" ind1=" " ind2=" ">
        <subfield code="b">A</subfield>
        <subfield code="c">2</subfield>
      </datafield>
      <datafield tag="594" ind1=" " ind2=" ">
        <subfield code="b">B</subfield>
        <subfield code="c">1</subfield>
      </datafield>
    </record>