
  </content>
  <record>
    <leader>00000ncc a2200000 u 4500</leader>
    <controlfield tag="001">85700015</controlfield>
    <datafield tag="041" ind1=" " ind2=" ">
      <subfield code="a">lat</subfield>
    </datafield>
    <datafield tag="100" ind1=" " ind2=" ">
      <subfield code="a">T. L. de Victoria</subfield>
    </datafield>
    <datafield tag="130" ind1=" " ind2=" ">
      <subfield code="a">Masses</subfield>
    </datafield>
    <datafield tag="245" ind1=" " ind2=" ">
      <subfield code="a">THOMAE LVDOVICI | A VICTORIA ABVLENSIS | MISSARVM LIBRI DVO | QVAE PARTIM QVATERNIS PARTIM | QVINIS PARTIM SENIS | CONCINVNTVR VOCIBVS. | Ad Philippum secundum HISPANIARUM Regem Catholicum. | ... | ROMAE | Ex Typographia Dominici Basae. | M D LXXXIII. | CVM LICENTIA SVPERIORVM.</subfield>
    </datafield>
    <datafield tag="260" ind1=" " ind2=" ">
      <subfield code="a">Rom</subfield>
      <subfield code="b">Roma: Alessandro Gardano, gedruckt bei Domenico Basa</subfield>
      <subfield code="c">1583</subfield>
      <subfield code="8">01</subfield>
    </datafield>
    <datafield tag="300" ind1=" " ind2=" ">
      <subfield code="a">1 choirbook: 149f.</subfield>
      <subfield code="b">Papier</subfield>
      <subfield code="c">540x390</subfield>
      <subfield code="8">01</subfield>
    </datafield>
    <datafield tag="500" ind1=" " ind2=" ">
      <subfield code="a">Aktuelle Lagenstrukturen: Die geraden Zahlen befinden sich immer recto, die Zahl "11" ist doppelt vergeben, dafür fehlt die Zahl "12". II01-A (bis p. 3), III4-41, I42-45, III46-57, I58-61, 62-65, 66-69, III70-81, ...III286-[297].</subfield>
      <subfield code="8">01</subfield>
    </datafield>
    <datafield tag="500" ind1=" " ind2=" ">
      <subfield code="a"/>
      <subfield code="a">THOMAE LVDOVICI / A VICTORIA ABVLENSIS / MISSARVM LIBRI DVO / QVAE PARTIM QVATERNIS PARTIM / QVINIS PARTIM SENIS / CONCINVNTVR VOCIBVS. / Ad Philippum secundum HISPANIARUM Regem Catholicum. / ... / ROMAE / Ex Typographia Dominici Basae. / M D LXXXIII. / CVM LICENTIA SVPERIORVM.</subfield>
      <subfield code="a">Aktuelle Blattzählung: [01-03r] 03v (=Seite 1), im ganzen Kodex sind die ungeraden Zahlen verso, also links und die geraden Zahlen recto. beidemale oben rechts</subfield>
      <subfield code="a">Notation: weiß mensural</subfield>
      <subfield code="a">Signatur: Deckelinnenseite links oben zwei Zahlen  "# 20" (wegen Wurmfraß nicht genau erkennbar), darunter "140" , beide jeweils mit brauner Tinte, daneben der Kleber mit Capp. Sist. 161.</subfield>
      <subfield code="a">Dekoration: Vielgegliedertes Wappen (263 x 204 mm) mit Krone und einem Kranz an dem unten ein Lamm (?) hängt. In den vier Ecken Instrumente (Gitarre, Gambe, Orgel und Flöten oder Pfeifen)</subfield>
      <subfield code="a">Einband abgelöst vom Buchrücken, Bindung in bedenklichen Zusatnd, sehr abgegriffen, Pappe unter dem Leder ist sehr weich, insgesamt mäßig bis schlecht. Vor allem die beiden ersten Messen und davon insbesondere die Missa Simile est regnum caelorum sind rechts untenäußerst abgegriffen, was auf eine vielfache Verwendung schließt. Zahlreiche Überklebungen lassen den Schluß, daß die Nutzung zeitgenössisch erfolgte. Diese Überklebungen bringen auch die Zusammenbindung in diesem Breich durcheinander, da auch am Rücken geklebt wurde.</subfield>
      <subfield code="a">[A]A ii, B-B ii, C-C ii...M-M ii (=42-44), N-N iv (=46-56),O-O iv ...Z-Z iv, Aa-Aa vi (=178-188), Bb - Bb iv ... Kk-Kk v (=286-294), Kk vi ist nicht mehr gezeichnet gehört aber noch zur Lage und ist Nachsatzblatt.[A]=Titelblatt, Aii verso =Seite 1, B recto = Seite 2, B verso = Seite 3 ...</subfield>
      <subfield code="a">Zunächst i-ii, dann i-iv</subfield>
      <subfield code="a">12 Fünfliniensysteme</subfield>
      <subfield code="a">Das Höhenmaß nimmt von Beginn an stetig zu, von 540 auf 545 mm</subfield>
      <subfield code="a">Rom: Domenico Basa</subfield>
    </datafield>
    <datafield tag="563" ind1=" " ind2=" ">
      <subfield code="a">Rotes Leder über an den Rändern aufgeweichter Pappe mit Einstanzungen. In der Mitte der Drachen Gregor XIII, in jeder Ecke des inneren und des äußeren Rahmens finden sich jeweils goldene Fliegen - insgesamt acht (des Barbarini-Wappens das erst von Urban VIII, 1623-1644 als Papst geführt wird).(Exakt der selbe Einband und Zustand wie CS 50!!!)</subfield>
      <subfield code="8">01</subfield>
    </datafield>
    <datafield tag="593" ind1=" " ind2=" ">
      <subfield code="a">Print</subfield>
      <subfield code="8">01</subfield>
    </datafield>
    <datafield tag="650" ind1=" " ind2=" ">
      <subfield code="a">Masses</subfield>
    </datafield>
    <datafield tag="691" ind1=" " ind2=" ">
      <subfield code="a">RISM V1431</subfield>
    </datafield>
    <datafield tag="691" ind1=" " ind2=" ">
      <subfield code="a">HaberlV 1888</subfield>
      <subfield code="n">p. 43</subfield>
      <subfield code="0">3122</subfield>
    </datafield>
    <datafield tag="691" ind1=" " ind2=" ">
      <subfield code="a">LlorensS 1960</subfield>
      <subfield code="n">p. 189</subfield>
      <subfield code="0">144</subfield>
    </datafield>
    <datafield tag="691" ind1=" " ind2=" ">
      <subfield code="a">PanuzziL 1687</subfield>
      <subfield code="n">140</subfield>
      <subfield code="0">41001975</subfield>
    </datafield>
    <datafield tag="691" ind1=" " ind2=" ">
      <subfield code="a">CeliL 1753</subfield>
      <subfield code="n">A126</subfield>
      <subfield code="0">41001973</subfield>
    </datafield>
    <datafield tag="691" ind1=" " ind2=" ">
      <subfield code="a">StoraceP 1813</subfield>
      <subfield code="n">A126</subfield>
      <subfield code="0">41001976</subfield>
    </datafield>
    <datafield tag="691" ind1=" " ind2=" ">
      <subfield code="a">SalvatiL 1863</subfield>
      <subfield code="n">161</subfield>
      <subfield code="0">41001978</subfield>
    </datafield>
    <datafield tag="700" ind1=" " ind2=" ">
      <subfield code="a">Philipp II. von Spanien</subfield>
      <subfield code="4">oth</subfield>
    </datafield>
    <datafield tag="700" ind1=" " ind2=" ">
      <subfield code="a">Roma: Alessandro Gardano, gedruckt bei Domenico Basa</subfield>
      <subfield code="4">oth</subfield>
    </datafield>
    <datafield tag="710" ind1=" " ind2=" ">
      <subfield code="a">Capella Sistina</subfield>
      <subfield code="0">51000666</subfield>
      <subfield code="4">evp</subfield>
    </datafield>
    <datafield tag="774" ind1=" " ind2=" ">
      <subfield code="w">85701210</subfield>
    </datafield>
    <datafield tag="774" ind1=" " ind2=" ">
      <subfield code="w">85701211</subfield>
    </datafield>
    <datafield tag="774" ind1=" " ind2=" ">
      <subfield code="w">85701212</subfield>
    </datafield>
    <datafield tag="774" ind1=" " ind2=" ">
      <subfield code="w">85701213</subfield>
    </datafield>
    <datafield tag="774" ind1=" " ind2=" ">
      <subfield code="w">85701214</subfield>
    </datafield>
    <datafield tag="774" ind1=" " ind2=" ">
      <subfield code="w">85701215</subfield>
    </datafield>
    <datafield tag="774" ind1=" " ind2=" ">
      <subfield code="w">85701216</subfield>
    </datafield>
    <datafield tag="774" ind1=" " ind2=" ">
      <subfield code="w">85701217</subfield>
    </datafield>
    <datafield tag="774" ind1=" " ind2=" ">
      <subfield code="w">85701218</subfield>
    </datafield>
    <datafield tag="852" ind1=" " ind2=" ">
      <subfield code="a">V-CVbav</subfield>
      <subfield code="c">CS 161</subfield>
      <subfield code="d">140</subfield>
      <subfield code="d">161</subfield>
      <subfield code="d">A126</subfield>
      <subfield code="z">Fondo Cappella Sistina</subfield>
    </datafield>
  </record>