
    <record>
      <leader>00000ncd a2200000 u 4500</leader>
      <controlfield tag="001">85701216</controlfield>
      <datafield tag="031" ind1=" " ind2=" ">
        <subfield code="a">1</subfield>
        <subfield code="b">1</subfield>
        <subfield code="c">1</subfield>
        <subfield code="d">Missa Dum complerentur</subfield>
        <subfield code="t">Kyrie / Christe / Kyrie</subfield>
        <subfield code="m">SA2T|AT2B / SA2|AT2 / SA2T|AT2B</subfield>
        <subfield code="q">composed by Victoria, Tomás Luis de</subfield>
        <subfield code="q">Im Christe "Tenor tacet" und "Bassus tacet"</subfield>
      </datafield>
      <datafield tag="031" ind1=" " ind2=" ">
        <subfield code="a">1</subfield>
        <subfield code="b">2</subfield>
        <subfield code="c">1</subfield>
        <subfield code="d">Missa Dum complerentur</subfield>
        <subfield code="t">[Gloria] Et in terra / Domine Deus agnus Dei / Qui tollis</subfield>
        <subfield code="m">SA2T|AT2B / A2T|T2B / SA2T|AT2B</subfield>
        <subfield code="q">composed by Victoria, Tomás Luis de</subfield>
        <subfield code="q">Im Domine Deus agnus Dei "Cantus tacet" und "Altus tacet"</subfield>
      </datafield>
      <datafield tag="031" ind1=" " ind2=" ">
        <subfield code="a">1</subfield>
        <subfield code="b">3</subfield>
        <subfield code="c">1</subfield>
        <subfield code="d">Missa Dum complerentur</subfield>
        <subfield code="t">[Credo] Patrem / Et incarnatus / Crucifixus /</subfield>
        <subfield code="m">SA2T|AT2B / - / ST+|A / SA2T|AT2B</subfield>
        <subfield code="q">composed by Victoria, Tomás Luis de</subfield>
        <subfield code="q">Keine Anm. zur Reduktion im Crucifixus</subfield>
      </datafield>
      <datafield tag="031" ind1=" " ind2=" ">
        <subfield code="a">1</subfield>
        <subfield code="b">4</subfield>
        <subfield code="c">1</subfield>
        <subfield code="d">Missa Dum complerentur</subfield>
        <subfield code="t">Sanctus / Pleni / Benedictus / Osanna</subfield>
        <subfield code="m">SA2T|AT2B / AT|A2B / ST|S2B / SA2T|AT2B</subfield>
        <subfield code="q">composed by Victoria, Tomás Luis de</subfield>
        <subfield code="q">Keine Anm. zur Reduktion im Pleni und Benedictus</subfield>
      </datafield>
      <datafield tag="031" ind1=" " ind2=" ">
        <subfield code="a">1</subfield>
        <subfield code="b">5</subfield>
        <subfield code="c">1</subfield>
        <subfield code="d">Missa Dum complerentur</subfield>
        <subfield code="t">Agnus Dei / Agnus Dei [dona nobis pacem]</subfield>
        <subfield code="m">SA2T|AT2B / SS2A2T+|AT2B</subfield>
        <subfield code="q">composed by Victoria, Tomás Luis de</subfield>
      </datafield>
      <datafield tag="100" ind1=" " ind2=" ">
        <subfield code="a">Victoria, Tomás Luis de</subfield>
      </datafield>
      <datafield tag="240" ind1=" " ind2=" ">
        <subfield code="a">Missa Dum complerentur</subfield>
        <subfield code="m">V (7)</subfield>
      </datafield>
      <datafield tag="245" ind1=" " ind2=" ">
        <subfield code="a">[without title]</subfield>
      </datafield>
      <datafield tag="300" ind1=" " ind2=" ">
        <subfield code="a">Choirbook, fol. 181-220</subfield>
        <subfield code="8">01</subfield>
      </datafield>
      <datafield tag="500" ind1=" " ind2=" ">
        <subfield code="a"/>
        <subfield code="a">Textnachweis: Ordinarium missae</subfield>
        <subfield code="a">Ordinarium missae</subfield>
        <subfield code="a">I-LT</subfield>
        <subfield code="a">53</subfield>
        <subfield code="a">112</subfield>
        <subfield code="a">Victoria, Tomás Luis de</subfield>
        <subfield code="a">Missa Dum complerentur</subfield>
        <subfield code="a">V 1427 (1576)</subfield>
        <subfield code="a">Gardano, Angelo</subfield>
        <subfield code="a">57v-74r</subfield>
        <subfield code="a">Victoria, Tomás Luis de</subfield>
        <subfield code="a">Missa Dum complerentur</subfield>
      </datafield>
      <datafield tag="691" ind1=" " ind2=" ">
        <subfield code="a">Victoria OO</subfield>
        <subfield code="n">vol. 4,  p. 29-55</subfield>
        <subfield code="0"> p. 29-55</subfield>
      </datafield>
      <datafield tag="691" ind1=" " ind2=" ">
        <subfield code="a">Victoria MME</subfield>
        <subfield code="n">vol. 30,  p. 87-124.</subfield>
        <subfield code="0"> p. 87-124.</subfield>
      </datafield>
      <datafield tag="730" ind1=" " ind2=" ">
        <subfield code="a">Missa Dum complerentur</subfield>
      </datafield>
      <datafield tag="730" ind1=" " ind2=" ">
        <subfield code="a">Messe</subfield>
      </datafield>
      <datafield tag="773" ind1=" " ind2=" ">
        <subfield code="w">85700015</subfield>
      </datafield>
      <datafield tag="852" ind1=" " ind2=" ">
        <subfield code="a">V-CVbav</subfield>
        <subfield code="c">CS 161</subfield>
        <subfield code="z">Fondo Cappella Sistina</subfield>
      </datafield>
      <datafield tag="593" ind1=" " ind2=" ">
        <subfield code="a">Print</subfield>
        <subfield code="8">01</subfield>
      </datafield>
      <datafield tag="594" ind1=" " ind2=" ">
        <subfield code="b">S</subfield>
        <subfield code="c">2</subfield>
      </datafield>
      <datafield tag="594" ind1=" " ind2=" ">
        <subfield code="b">T</subfield>
        <subfield code="c">2</subfield>
      </datafield>
      <datafield tag="594" ind1=" " ind2=" ">
        <subfield code="b">A</subfield>
        <subfield code="c">2</subfield>
      </datafield>
      <datafield tag="594" ind1=" " ind2=" ">
        <subfield code="b">B</subfield>
        <subfield code="c">1</subfield>
      </datafield>
    </record>