
    <record>
      <leader>00000ncd a2200000 u 4500</leader>
      <controlfield tag="001">85701218</controlfield>
      <datafield tag="031" ind1=" " ind2=" ">
        <subfield code="a">1</subfield>
        <subfield code="b">1</subfield>
        <subfield code="c">1</subfield>
        <subfield code="d">Missa pro defunctis</subfield>
        <subfield code="t">Requiem aeternam / Dona eis Domine et lux perpetua luceat eis</subfield>
        <subfield code="m">S / ST|AB</subfield>
        <subfield code="q">composed by Victoria, Tomás Luis de</subfield>
        <subfield code="q">Intonation choraliter im Cantus</subfield>
      </datafield>
      <datafield tag="031" ind1=" " ind2=" ">
        <subfield code="a">1</subfield>
        <subfield code="b">2</subfield>
        <subfield code="c">1</subfield>
        <subfield code="d">Missa pro defunctis</subfield>
        <subfield code="t">Te decet hymnus / Et tibi reddetur votum in Hyerusalem</subfield>
        <subfield code="m">S / ST|AB</subfield>
        <subfield code="q">composed by Victoria, Tomás Luis de</subfield>
        <subfield code="q">Intonation choraliter im Cantus</subfield>
      </datafield>
      <datafield tag="031" ind1=" " ind2=" ">
        <subfield code="a">1</subfield>
        <subfield code="b">3</subfield>
        <subfield code="c">1</subfield>
        <subfield code="d">Missa pro defunctis</subfield>
        <subfield code="t">Kyrie / Christe / Kyrie</subfield>
        <subfield code="m">ST|AB / ST|A / ST|AB</subfield>
        <subfield code="q">composed by Victoria, Tomás Luis de</subfield>
        <subfield code="q">Im Bassus "Christe tacet"</subfield>
      </datafield>
      <datafield tag="031" ind1=" " ind2=" ">
        <subfield code="a">1</subfield>
        <subfield code="b">4</subfield>
        <subfield code="c">1</subfield>
        <subfield code="d">Missa pro defunctis</subfield>
        <subfield code="t">Requiem aeternam / Dona eis Domine et lux perpetua luceat eis</subfield>
        <subfield code="m">S / ST|AB</subfield>
        <subfield code="q">composed by Victoria, Tomás Luis de</subfield>
        <subfield code="q">Intonation choraliter im Cantus (anders als p. 267-268)</subfield>
      </datafield>
      <datafield tag="031" ind1=" " ind2=" ">
        <subfield code="a">1</subfield>
        <subfield code="b">5</subfield>
        <subfield code="c">1</subfield>
        <subfield code="d">Missa pro defunctis</subfield>
        <subfield code="t">In memoria aeterna / Erit iustus ab auditione mala non timebit</subfield>
        <subfield code="m">S / ST|AB</subfield>
        <subfield code="q">composed by Victoria, Tomás Luis de</subfield>
        <subfield code="q">Intonation choraliter im Cantus</subfield>
      </datafield>
      <datafield tag="031" ind1=" " ind2=" ">
        <subfield code="a">1</subfield>
        <subfield code="b">6</subfield>
        <subfield code="c">1</subfield>
        <subfield code="d">Missa pro defunctis</subfield>
        <subfield code="t">Domine Iesu Christe Rex gloriae / Libera fidelium defunctorum de poenis inferni et de profundo lacu libera eas ...quam olim Habrahe</subfield>
        <subfield code="m">S / ST|AB</subfield>
        <subfield code="q">composed by Victoria, Tomás Luis de</subfield>
        <subfield code="q">Intonation choraliter im Cantus</subfield>
      </datafield>
      <datafield tag="031" ind1=" " ind2=" ">
        <subfield code="a">1</subfield>
        <subfield code="b">7</subfield>
        <subfield code="c">1</subfield>
        <subfield code="d">Missa pro defunctis</subfield>
        <subfield code="t">Hostias et praeces tibi Domine ... de morte transire ad vitam / Quam olim Habrahe</subfield>
        <subfield code="m">S / ST|AB</subfield>
        <subfield code="q">composed by Victoria, Tomás Luis de</subfield>
        <subfield code="q">"Hostias et praeces tibi Domine ... de morte transire ad vitam" choraliter. in allen anderen Stimmen "Hostias tacet" und danach "Quam olim ut supra"</subfield>
      </datafield>
      <datafield tag="031" ind1=" " ind2=" ">
        <subfield code="a">1</subfield>
        <subfield code="b">9</subfield>
        <subfield code="c">1</subfield>
        <subfield code="d">Missa pro defunctis</subfield>
        <subfield code="t">Sanctus Pleni / Benedictus</subfield>
        <subfield code="m">ST|AB</subfield>
        <subfield code="q">composed by Victoria, Tomás Luis de</subfield>
        <subfield code="q">Jeweils Intonation des ersten Wortes "Sanctus", "Pleni" und "Benedictus" choraliter im Cantus</subfield>
      </datafield>
      <datafield tag="031" ind1=" " ind2=" ">
        <subfield code="a">1</subfield>
        <subfield code="b">10</subfield>
        <subfield code="c">1</subfield>
        <subfield code="d">Missa pro defunctis</subfield>
        <subfield code="t">Agnus Dei</subfield>
        <subfield code="m">ST|AB</subfield>
        <subfield code="q">composed by Victoria, Tomás Luis de</subfield>
        <subfield code="q">Jeweils Intonation des "Agnus Dei" choraliter im Cantus</subfield>
      </datafield>
      <datafield tag="031" ind1=" " ind2=" ">
        <subfield code="a">1</subfield>
        <subfield code="b">11</subfield>
        <subfield code="c">1</subfield>
        <subfield code="d">Missa pro defunctis</subfield>
        <subfield code="t">Lux aeterna luceat eis</subfield>
        <subfield code="m">S / ST|AB</subfield>
        <subfield code="q">composed by Victoria, Tomás Luis de</subfield>
        <subfield code="q">Intonation de "Lux aeterna" im Cantus</subfield>
      </datafield>
      <datafield tag="031" ind1=" " ind2=" ">
        <subfield code="a">1</subfield>
        <subfield code="b">12</subfield>
        <subfield code="c">1</subfield>
        <subfield code="d">Missa pro defunctis</subfield>
        <subfield code="t">Et lux perpetua lucaet eis</subfield>
        <subfield code="m">ST|AB</subfield>
        <subfield code="q">composed by Victoria, Tomás Luis de</subfield>
      </datafield>
      <datafield tag="031" ind1=" " ind2=" ">
        <subfield code="a">1</subfield>
        <subfield code="b">13</subfield>
        <subfield code="c">1</subfield>
        <subfield code="d">Missa pro defunctis</subfield>
        <subfield code="t">Libera me Domine</subfield>
        <subfield code="m">ST|AB</subfield>
        <subfield code="q">composed by Victoria, Tomás Luis de</subfield>
      </datafield>
      <datafield tag="031" ind1=" " ind2=" ">
        <subfield code="a">1</subfield>
        <subfield code="b">14</subfield>
        <subfield code="c">1</subfield>
        <subfield code="d">Missa pro defunctis</subfield>
        <subfield code="t">Dum veneris iudicare saeculum per ignem</subfield>
        <subfield code="m">S</subfield>
        <subfield code="q">composed by Victoria, Tomás Luis de</subfield>
        <subfield code="q">Choraliter</subfield>
      </datafield>
      <datafield tag="031" ind1=" " ind2=" ">
        <subfield code="a">1</subfield>
        <subfield code="b">15</subfield>
        <subfield code="c">1</subfield>
        <subfield code="d">Missa pro defunctis</subfield>
        <subfield code="t">Tremens factum sum ego</subfield>
        <subfield code="m">S|AB</subfield>
        <subfield code="q">composed by Victoria, Tomás Luis de</subfield>
        <subfield code="q">"Tremens Tenor Tacet"</subfield>
      </datafield>
      <datafield tag="031" ind1=" " ind2=" ">
        <subfield code="a">1</subfield>
        <subfield code="b">16</subfield>
        <subfield code="c">1</subfield>
        <subfield code="d">Missa pro defunctis</subfield>
        <subfield code="t">Quando caeli movendi et tearra</subfield>
        <subfield code="m">S</subfield>
        <subfield code="q">composed by Victoria, Tomás Luis de</subfield>
        <subfield code="q">Choraliter</subfield>
      </datafield>
      <datafield tag="031" ind1=" " ind2=" ">
        <subfield code="a">1</subfield>
        <subfield code="b">18</subfield>
        <subfield code="c">1</subfield>
        <subfield code="d">Missa pro defunctis</subfield>
        <subfield code="t">Dies ila dies irae</subfield>
        <subfield code="m">ST|A</subfield>
        <subfield code="q">composed by Victoria, Tomás Luis de</subfield>
        <subfield code="q">"Dies illa Bassus Tacet"</subfield>
      </datafield>
      <datafield tag="031" ind1=" " ind2=" ">
        <subfield code="a">1</subfield>
        <subfield code="b">19</subfield>
        <subfield code="c">1</subfield>
        <subfield code="d">Missa pro defunctis</subfield>
        <subfield code="t">Dum veneris iudicare saeculum per ignem</subfield>
        <subfield code="m">S</subfield>
        <subfield code="q">composed by Victoria, Tomás Luis de</subfield>
        <subfield code="q">Choraliter</subfield>
      </datafield>
      <datafield tag="031" ind1=" " ind2=" ">
        <subfield code="a">1</subfield>
        <subfield code="b">20</subfield>
        <subfield code="c">1</subfield>
        <subfield code="d">Missa pro defunctis</subfield>
        <subfield code="t">Requiem aeternam et lux perpetua lucaet eis</subfield>
        <subfield code="m">ST|AB</subfield>
        <subfield code="q">composed by Victoria, Tomás Luis de</subfield>
        <subfield code="q">Danach "Libera me ut supra"</subfield>
      </datafield>
      <datafield tag="031" ind1=" " ind2=" ">
        <subfield code="a">1</subfield>
        <subfield code="b">21</subfield>
        <subfield code="c">1</subfield>
        <subfield code="d">Missa pro defunctis</subfield>
        <subfield code="t">Kyrie / Christe / Kyrie</subfield>
        <subfield code="m">ST|AB / S / ST|AB</subfield>
        <subfield code="q">composed by Victoria, Tomás Luis de</subfield>
        <subfield code="q">Christe im Cantus choraliter, dementsprechend in Tenor, Altus und Bassus "Christe tacet"</subfield>
      </datafield>
      <datafield tag="100" ind1=" " ind2=" ">
        <subfield code="a">Victoria, Tomás Luis de</subfield>
      </datafield>
      <datafield tag="240" ind1=" " ind2=" ">
        <subfield code="a">Missa pro defunctis</subfield>
        <subfield code="m">V (4)</subfield>
      </datafield>
      <datafield tag="245" ind1=" " ind2=" ">
        <subfield code="a">[without title]</subfield>
      </datafield>
      <datafield tag="300" ind1=" " ind2=" ">
        <subfield code="a">Choirbook, fol. 265-294</subfield>
        <subfield code="8">01</subfield>
      </datafield>
      <datafield tag="500" ind1=" " ind2=" ">
        <subfield code="a"/>
        <subfield code="a">Textnachweis: Ordinarium pro defunctis</subfield>
      </datafield>
      <datafield tag="691" ind1=" " ind2=" ">
        <subfield code="a">Victoria OO</subfield>
        <subfield code="n">vol. 6,  p. 102-123.</subfield>
        <subfield code="0"> p. 102-123.</subfield>
      </datafield>
      <datafield tag="730" ind1=" " ind2=" ">
        <subfield code="a">Missa pro defunctis</subfield>
      </datafield>
      <datafield tag="730" ind1=" " ind2=" ">
        <subfield code="a">Requiem</subfield>
      </datafield>
      <datafield tag="773" ind1=" " ind2=" ">
        <subfield code="w">85700015</subfield>
      </datafield>
      <datafield tag="852" ind1=" " ind2=" ">
        <subfield code="a">V-CVbav</subfield>
        <subfield code="c">CS 161</subfield>
        <subfield code="z">Fondo Cappella Sistina</subfield>
      </datafield>
      <datafield tag="593" ind1=" " ind2=" ">
        <subfield code="a">Print</subfield>
        <subfield code="8">01</subfield>
      </datafield>
      <datafield tag="594" ind1=" " ind2=" ">
        <subfield code="b">S</subfield>
        <subfield code="c">1</subfield>
      </datafield>
      <datafield tag="594" ind1=" " ind2=" ">
        <subfield code="b">T</subfield>
        <subfield code="c">1</subfield>
      </datafield>
      <datafield tag="594" ind1=" " ind2=" ">
        <subfield code="b">A</subfield>
        <subfield code="c">1</subfield>
      </datafield>
      <datafield tag="594" ind1=" " ind2=" ">
        <subfield code="b">B</subfield>
        <subfield code="c">1</subfield>
      </datafield>
    </record>