
  </content>
  <record>
    <leader>00000ncc a2200000 u 4500</leader>
    <controlfield tag="001">85700016</controlfield>
    <datafield tag="041" ind1=" " ind2=" ">
      <subfield code="a">lat</subfield>
    </datafield>
    <datafield tag="100" ind1=" " ind2=" ">
      <subfield code="a">Crivelli, A.</subfield>
    </datafield>
    <datafield tag="130" ind1=" " ind2=" ">
      <subfield code="a">Masses</subfield>
    </datafield>
    <datafield tag="245" ind1=" " ind2=" ">
      <subfield code="a">MIA | MISSARVM | LIBER PRIMVS | ARCHANGELI CRIBELII | PRESBYTERI BERGOMENSIS | CAPELLAE SVMMI PONTIFICES | Musici | Quatuor, Quinque, ac Sex vocibus concinendarum | Nunc denuo in lucem editus. | ROMAE | Ex Typographia Curtij Laurentini M DC XV. | SUOERIORVM PERMISSV:</subfield>
    </datafield>
    <datafield tag="260" ind1=" " ind2=" ">
      <subfield code="a">Rom /Bergamo</subfield>
      <subfield code="b">Roma: Curzio Laurentini</subfield>
      <subfield code="c">1615</subfield>
      <subfield code="8">01</subfield>
    </datafield>
    <datafield tag="300" ind1=" " ind2=" ">
      <subfield code="a">1 choirbook: 123f.</subfield>
      <subfield code="b">Papier</subfield>
      <subfield code="c">497x367</subfield>
      <subfield code="8">01</subfield>
    </datafield>
    <datafield tag="500" ind1=" " ind2=" ">
      <subfield code="a">Aktuelle Lagenstrukturen: f01-02, [A1]-A10 (fol.1-10) , B1-B10 ...L1-L10 (fol. 101-110), M1-M11(fol. 111-121) f03-04</subfield>
      <subfield code="8">01</subfield>
    </datafield>
    <datafield tag="500" ind1=" " ind2=" ">
      <subfield code="a"/>
      <subfield code="a">MIA / MISSARVM / LIBER PRIMVS / ARCHANGELI CRIBELII / PRESBYTERI BERGOMENSIS / CAPELLAE SVMMI PONTIFICES / Musici / Quatuor, Quinque, ac Sex vocibus concinendarum / Nunc denuo in lucem editus. / ROMAE / Ex Typographia Curtij Laurentini M DC XV. / SUOERIORVM PERMISSV:</subfield>
      <subfield code="a">Aktuelle Blattzählung: [01-02, 1] 2-121 [03-04]</subfield>
      <subfield code="a">Notation: weiß mensural</subfield>
      <subfield code="a">Signatur: Deckelinnenseite links oben zwei Zahlen  "# 20", darunter "147" , beide jeweils mit brauner Tinte, daneben der Kleber mit Capp. Sist. 162.</subfield>
      <subfield code="a">Dekoration: Schöner großer Kupferstich (428 x 295 mm) in dessen oberer Hälfte "Mariä Himmelfahrt" dargestellt ist (geöffneter Sarg mit der Aufschrift  "Maria assumpta est" und Maria in einer Wolke darüber) und in der unteren Hälfte der Titel. Links davon steht "Sanctus Alexander Bergomi Patronus" und rechts "Sanctus Lupus Bergomi Princeps". Vergoldeter Schnitt.</subfield>
      <subfield code="a">Sehr guter Zustand von Einband und Blätter. Wenn eine leichte Abnutzung erkennbar, dann im Bereich der Missa super litanias sanctorum.</subfield>
      <subfield code="a">11 Fünfliniensysteme</subfield>
      <subfield code="a">Rom /Bergamo</subfield>
    </datafield>
    <datafield tag="563" ind1=" " ind2=" ">
      <subfield code="a">Braunes Leder auf fester Pappe mit vergoldeten Einstanzungen, in der Mitte mit dem Wappen Paul V. (1605-1621) darunter zwei sich reichende Hände. In den Ecken und auf dem Rücken finden sich immer wieder die beiden Wappentiere, des Adlers und des Drachens.</subfield>
      <subfield code="8">01</subfield>
    </datafield>
    <datafield tag="593" ind1=" " ind2=" ">
      <subfield code="a">Print</subfield>
      <subfield code="8">01</subfield>
    </datafield>
    <datafield tag="650" ind1=" " ind2=" ">
      <subfield code="a">Masses</subfield>
    </datafield>
    <datafield tag="691" ind1=" " ind2=" ">
      <subfield code="a">RISM C4419</subfield>
    </datafield>
    <datafield tag="691" ind1=" " ind2=" ">
      <subfield code="a">HaberlV 1888</subfield>
      <subfield code="n">p. 43</subfield>
      <subfield code="0">3122</subfield>
    </datafield>
    <datafield tag="691" ind1=" " ind2=" ">
      <subfield code="a">LlorensS 1960</subfield>
      <subfield code="n">p. 189f.</subfield>
      <subfield code="0">144</subfield>
    </datafield>
    <datafield tag="691" ind1=" " ind2=" ">
      <subfield code="a">PanuzziL 1687</subfield>
      <subfield code="n">147</subfield>
      <subfield code="0">41001975</subfield>
    </datafield>
    <datafield tag="691" ind1=" " ind2=" ">
      <subfield code="a">CeliL 1753</subfield>
      <subfield code="n">A127</subfield>
      <subfield code="0">41001973</subfield>
    </datafield>
    <datafield tag="691" ind1=" " ind2=" ">
      <subfield code="a">StoraceP 1813</subfield>
      <subfield code="n">A127</subfield>
      <subfield code="0">41001976</subfield>
    </datafield>
    <datafield tag="691" ind1=" " ind2=" ">
      <subfield code="a">SalvatiL 1863</subfield>
      <subfield code="n">162</subfield>
      <subfield code="0">41001978</subfield>
    </datafield>
    <datafield tag="700" ind1=" " ind2=" ">
      <subfield code="a">Consortii MISERICORDIAE MAIORIS Bergomensis</subfield>
      <subfield code="4">oth</subfield>
    </datafield>
    <datafield tag="700" ind1=" " ind2=" ">
      <subfield code="a">Roma: Curzio Laurentini</subfield>
      <subfield code="4">oth</subfield>
    </datafield>
    <datafield tag="710" ind1=" " ind2=" ">
      <subfield code="a">Capella Sistina</subfield>
      <subfield code="0">51000666</subfield>
      <subfield code="4">evp</subfield>
    </datafield>
    <datafield tag="774" ind1=" " ind2=" ">
      <subfield code="w">85701219</subfield>
    </datafield>
    <datafield tag="774" ind1=" " ind2=" ">
      <subfield code="w">85701220</subfield>
    </datafield>
    <datafield tag="774" ind1=" " ind2=" ">
      <subfield code="w">85701221</subfield>
    </datafield>
    <datafield tag="774" ind1=" " ind2=" ">
      <subfield code="w">85701222</subfield>
    </datafield>
    <datafield tag="774" ind1=" " ind2=" ">
      <subfield code="w">85701223</subfield>
    </datafield>
    <datafield tag="774" ind1=" " ind2=" ">
      <subfield code="w">85701224</subfield>
    </datafield>
    <datafield tag="852" ind1=" " ind2=" ">
      <subfield code="a">V-CVbav</subfield>
      <subfield code="c">CS 162</subfield>
      <subfield code="d">147</subfield>
      <subfield code="d">162</subfield>
      <subfield code="d">A127</subfield>
      <subfield code="z">Fondo Cappella Sistina</subfield>
    </datafield>
  </record>