
    <record>
      <leader>00000ncd a2200000 u 4500</leader>
      <controlfield tag="001">85701221</controlfield>
      <datafield tag="031" ind1=" " ind2=" ">
        <subfield code="a">1</subfield>
        <subfield code="b">1</subfield>
        <subfield code="c">1</subfield>
        <subfield code="d">Missa Cantate Domino canticum novum</subfield>
        <subfield code="t">Kyrie</subfield>
        <subfield code="m">ST|AB</subfield>
        <subfield code="q">composed by Crivelli, Arcangelo</subfield>
      </datafield>
      <datafield tag="031" ind1=" " ind2=" ">
        <subfield code="a">1</subfield>
        <subfield code="b">2</subfield>
        <subfield code="c">1</subfield>
        <subfield code="d">Missa Cantate Domino canticum novum</subfield>
        <subfield code="t">[Gloria] Et in terra / Qui tllis</subfield>
        <subfield code="m">ST|AB / -</subfield>
        <subfield code="q">composed by Crivelli, Arcangelo</subfield>
      </datafield>
      <datafield tag="031" ind1=" " ind2=" ">
        <subfield code="a">1</subfield>
        <subfield code="b">3</subfield>
        <subfield code="c">1</subfield>
        <subfield code="d">Missa Cantate Domino canticum novum</subfield>
        <subfield code="t">[Credo] Patrem / Et iterum</subfield>
        <subfield code="m">ST|AB</subfield>
        <subfield code="q">composed by Crivelli, Arcangelo</subfield>
        <subfield code="q">Fol. 46 rechts unten Ecke abgerissen (ca. 90 x 90 mm)</subfield>
      </datafield>
      <datafield tag="031" ind1=" " ind2=" ">
        <subfield code="a">1</subfield>
        <subfield code="b">4</subfield>
        <subfield code="c">1</subfield>
        <subfield code="d">Missa Cantate Domino canticum novum</subfield>
        <subfield code="t">Sanctus / Benedictus / Osanna</subfield>
        <subfield code="m">ST|AB / AT|A2B / ST|AB</subfield>
        <subfield code="q">composed by Crivelli, Arcangelo</subfield>
      </datafield>
      <datafield tag="031" ind1=" " ind2=" ">
        <subfield code="a">1</subfield>
        <subfield code="b">5</subfield>
        <subfield code="c">1</subfield>
        <subfield code="d">Missa Cantate Domino canticum novum</subfield>
        <subfield code="t">Agnus Dei / Agnus Dei [dona nobis pacem]</subfield>
        <subfield code="m">ST|AB / ST2B2|ATB</subfield>
        <subfield code="q">composed by Crivelli, Arcangelo</subfield>
        <subfield code="q">Im zweiten Agnus in Tenor "Canon, in Diapason" und im Bassus "Canon, ad Unisonum". Zum Tenor "Resolutio" im Cantus und zum Bassus "Resolutio" im Bassus secundus.</subfield>
      </datafield>
      <datafield tag="100" ind1=" " ind2=" ">
        <subfield code="a">Crivelli, Arcangelo</subfield>
      </datafield>
      <datafield tag="240" ind1=" " ind2=" ">
        <subfield code="a">Missa Cantate Domino canticum novum</subfield>
        <subfield code="m">V (7)</subfield>
      </datafield>
      <datafield tag="245" ind1=" " ind2=" ">
        <subfield code="a">[without title]</subfield>
      </datafield>
      <datafield tag="300" ind1=" " ind2=" ">
        <subfield code="a">Choirbook, fol. 36</subfield>
        <subfield code="8">01</subfield>
      </datafield>
      <datafield tag="500" ind1=" " ind2=" ">
        <subfield code="a"/>
        <subfield code="a">Textnachweis: Ordinarium missae</subfield>
        <subfield code="a">Ordinarium missae</subfield>
        <subfield code="a">1615 [=C4419]</subfield>
        <subfield code="a">Laurentini</subfield>
        <subfield code="a">n. 3</subfield>
        <subfield code="a">Missarum liber primus</subfield>
        <subfield code="a">Crivelli, Arcangelo</subfield>
        <subfield code="a">Missa Cantate Domino canticum novum</subfield>
      </datafield>
      <datafield tag="691" ind1=" " ind2=" ">
        <subfield code="a">Johnson 1965</subfield>
        <subfield code="n">vol. 2,  p. 54-77</subfield>
        <subfield code="0"> p. 54-77</subfield>
      </datafield>
      <datafield tag="730" ind1=" " ind2=" ">
        <subfield code="a">Missa Cantate Domino canticum novum</subfield>
      </datafield>
      <datafield tag="730" ind1=" " ind2=" ">
        <subfield code="a">Messe</subfield>
      </datafield>
      <datafield tag="773" ind1=" " ind2=" ">
        <subfield code="w">85700016</subfield>
      </datafield>
      <datafield tag="852" ind1=" " ind2=" ">
        <subfield code="a">V-CVbav</subfield>
        <subfield code="c">CS 162</subfield>
        <subfield code="z">Fondo Cappella Sistina</subfield>
      </datafield>
      <datafield tag="593" ind1=" " ind2=" ">
        <subfield code="a">Print</subfield>
        <subfield code="8">01</subfield>
      </datafield>
      <datafield tag="594" ind1=" " ind2=" ">
        <subfield code="b">S</subfield>
        <subfield code="c">1</subfield>
      </datafield>
      <datafield tag="594" ind1=" " ind2=" ">
        <subfield code="b">T</subfield>
        <subfield code="c">2</subfield>
      </datafield>
      <datafield tag="594" ind1=" " ind2=" ">
        <subfield code="b">A</subfield>
        <subfield code="c">2</subfield>
      </datafield>
      <datafield tag="594" ind1=" " ind2=" ">
        <subfield code="b">B</subfield>
        <subfield code="c">2</subfield>
      </datafield>
    </record>