
    <record>
      <leader>00000ncd a2200000 u 4500</leader>
      <controlfield tag="001">85701224</controlfield>
      <datafield tag="031" ind1=" " ind2=" ">
        <subfield code="a">1</subfield>
        <subfield code="b">1</subfield>
        <subfield code="c">1</subfield>
        <subfield code="d">Missa Transeunte Domino</subfield>
        <subfield code="t">Kyrie / Christe / Kyrie</subfield>
        <subfield code="m">STT2|S2AB / ST|S2A / STT2|S2AB</subfield>
        <subfield code="q">composed by Crivelli, Arcangelo</subfield>
      </datafield>
      <datafield tag="031" ind1=" " ind2=" ">
        <subfield code="a">1</subfield>
        <subfield code="b">2</subfield>
        <subfield code="c">1</subfield>
        <subfield code="d">Missa Transeunte Domino</subfield>
        <subfield code="t">[Gloria] Et in terra / Qui tollis</subfield>
        <subfield code="m">STT2|S2AB / -</subfield>
        <subfield code="q">composed by Crivelli, Arcangelo</subfield>
      </datafield>
      <datafield tag="031" ind1=" " ind2=" ">
        <subfield code="a">1</subfield>
        <subfield code="b">3</subfield>
        <subfield code="c">1</subfield>
        <subfield code="d">Missa Transeunte Domino</subfield>
        <subfield code="t">[Credo] Patrem / Crucifixus / Et in spiritum</subfield>
        <subfield code="m">STT2|S2AB / ST|S2A / STT2|S2AB</subfield>
        <subfield code="q">composed by Crivelli, Arcangelo</subfield>
      </datafield>
      <datafield tag="031" ind1=" " ind2=" ">
        <subfield code="a">1</subfield>
        <subfield code="b">4</subfield>
        <subfield code="c">1</subfield>
        <subfield code="d">Missa Transeunte Domino</subfield>
        <subfield code="t">Sanctus / Benedictus / Osanna</subfield>
        <subfield code="m">STT2|S2AB / AT|T2B / STT2|S2AB</subfield>
        <subfield code="q">composed by Crivelli, Arcangelo</subfield>
      </datafield>
      <datafield tag="031" ind1=" " ind2=" ">
        <subfield code="a">1</subfield>
        <subfield code="b">5</subfield>
        <subfield code="c">1</subfield>
        <subfield code="d">Missa Transeunte Domino</subfield>
        <subfield code="t">Agnus Dei / Agnus Dei [dona nobis pacem]</subfield>
        <subfield code="m">STT2|S2AB / STT2|S2(A)B</subfield>
        <subfield code="q">composed by Crivelli, Arcangelo</subfield>
        <subfield code="q">Im zweiten Agnus Cantus sec. "Canon in Diatessaron" und im Altus "Resolutio" in der Unterquart (!).</subfield>
      </datafield>
      <datafield tag="100" ind1=" " ind2=" ">
        <subfield code="a">Crivelli, Arcangelo</subfield>
      </datafield>
      <datafield tag="240" ind1=" " ind2=" ">
        <subfield code="a">Missa Transeunte Domino</subfield>
        <subfield code="m">V (6)</subfield>
      </datafield>
      <datafield tag="245" ind1=" " ind2=" ">
        <subfield code="a">[without title]</subfield>
      </datafield>
      <datafield tag="300" ind1=" " ind2=" ">
        <subfield code="a">Choirbook, fol. 97</subfield>
        <subfield code="8">01</subfield>
      </datafield>
      <datafield tag="500" ind1=" " ind2=" ">
        <subfield code="a"/>
        <subfield code="a">Textnachweis: Ordinarium missae</subfield>
        <subfield code="a">Ordinarium missae</subfield>
        <subfield code="a">1615 [=C4419]</subfield>
        <subfield code="a">Laurentini</subfield>
        <subfield code="a">n. 6</subfield>
        <subfield code="a">Missarum liber primus</subfield>
        <subfield code="a">Crivelli, Arcangelo</subfield>
        <subfield code="a">Missa Transeunte Domino</subfield>
      </datafield>
      <datafield tag="691" ind1=" " ind2=" ">
        <subfield code="a">Johnson 1965</subfield>
        <subfield code="n">vol. 2,  p. 157-189</subfield>
        <subfield code="0"> p. 157-189</subfield>
      </datafield>
      <datafield tag="730" ind1=" " ind2=" ">
        <subfield code="a">Missa Transeunte Domino</subfield>
      </datafield>
      <datafield tag="730" ind1=" " ind2=" ">
        <subfield code="a">Messe</subfield>
      </datafield>
      <datafield tag="773" ind1=" " ind2=" ">
        <subfield code="w">85700016</subfield>
      </datafield>
      <datafield tag="852" ind1=" " ind2=" ">
        <subfield code="a">V-CVbav</subfield>
        <subfield code="c">CS 162</subfield>
        <subfield code="z">Fondo Cappella Sistina</subfield>
      </datafield>
      <datafield tag="593" ind1=" " ind2=" ">
        <subfield code="a">Print</subfield>
        <subfield code="8">01</subfield>
      </datafield>
      <datafield tag="594" ind1=" " ind2=" ">
        <subfield code="b">S</subfield>
        <subfield code="c">2</subfield>
      </datafield>
      <datafield tag="594" ind1=" " ind2=" ">
        <subfield code="b">T</subfield>
        <subfield code="c">2</subfield>
      </datafield>
      <datafield tag="594" ind1=" " ind2=" ">
        <subfield code="b">A</subfield>
        <subfield code="c">1</subfield>
      </datafield>
      <datafield tag="594" ind1=" " ind2=" ">
        <subfield code="b">B</subfield>
        <subfield code="c">1</subfield>
      </datafield>
    </record>