
    <record>
      <leader>00000ncd a2200000 u 4500</leader>
      <controlfield tag="001">85701234</controlfield>
      <datafield tag="031" ind1=" " ind2=" ">
        <subfield code="a">1</subfield>
        <subfield code="b">1</subfield>
        <subfield code="c">1</subfield>
        <subfield code="d">Veni Creator Spiritus</subfield>
        <subfield code="t">Veni Creator Spiritus</subfield>
        <subfield code="m">T</subfield>
        <subfield code="q">composed by Victoria, Tomás Luis de</subfield>
      </datafield>
      <datafield tag="031" ind1=" " ind2=" ">
        <subfield code="a">1</subfield>
        <subfield code="b">2</subfield>
        <subfield code="c">1</subfield>
        <subfield code="d">Veni Creator Spiritus</subfield>
        <subfield code="t">Qui paraclitus diceris</subfield>
        <subfield code="m">ST|AB</subfield>
        <subfield code="q">composed by Victoria, Tomás Luis de</subfield>
      </datafield>
      <datafield tag="031" ind1=" " ind2=" ">
        <subfield code="a">1</subfield>
        <subfield code="b">3</subfield>
        <subfield code="c">1</subfield>
        <subfield code="d">Veni Creator Spiritus</subfield>
        <subfield code="t">Tu septiformis munere</subfield>
        <subfield code="m">T</subfield>
        <subfield code="q">composed by Victoria, Tomás Luis de</subfield>
        <subfield code="q">Choraliter</subfield>
      </datafield>
      <datafield tag="031" ind1=" " ind2=" ">
        <subfield code="a">1</subfield>
        <subfield code="b">4</subfield>
        <subfield code="c">1</subfield>
        <subfield code="d">Veni Creator Spiritus</subfield>
        <subfield code="t">Accende lumen sensibus</subfield>
        <subfield code="m">T|AB</subfield>
        <subfield code="q">composed by Victoria, Tomás Luis de</subfield>
        <subfield code="q">"Cantus tacet."</subfield>
      </datafield>
      <datafield tag="031" ind1=" " ind2=" ">
        <subfield code="a">1</subfield>
        <subfield code="b">5</subfield>
        <subfield code="c">1</subfield>
        <subfield code="d">Veni Creator Spiritus</subfield>
        <subfield code="t">Hostem repellas longius</subfield>
        <subfield code="m">T</subfield>
        <subfield code="q">composed by Victoria, Tomás Luis de</subfield>
        <subfield code="q">Choraliter</subfield>
      </datafield>
      <datafield tag="031" ind1=" " ind2=" ">
        <subfield code="a">1</subfield>
        <subfield code="b">6</subfield>
        <subfield code="c">1</subfield>
        <subfield code="d">Veni Creator Spiritus</subfield>
        <subfield code="t">Per te sciamus da Patrem</subfield>
        <subfield code="m">ST|AB</subfield>
        <subfield code="q">composed by Victoria, Tomás Luis de</subfield>
      </datafield>
      <datafield tag="031" ind1=" " ind2=" ">
        <subfield code="a">1</subfield>
        <subfield code="b">7</subfield>
        <subfield code="c">1</subfield>
        <subfield code="d">Veni Creator Spiritus</subfield>
        <subfield code="t">Gloria Patri Domino</subfield>
        <subfield code="m">T</subfield>
        <subfield code="q">composed by Victoria, Tomás Luis de</subfield>
        <subfield code="q">Choraliter, "Gloria patri domino ut supra." nach Hostem repellas.</subfield>
      </datafield>
      <datafield tag="100" ind1=" " ind2=" ">
        <subfield code="a">Victoria, Tomás Luis de</subfield>
      </datafield>
      <datafield tag="240" ind1=" " ind2=" ">
        <subfield code="a">Veni Creator Spiritus</subfield>
        <subfield code="m">V (4)</subfield>
      </datafield>
      <datafield tag="245" ind1=" " ind2=" ">
        <subfield code="a">In Pentecoste</subfield>
      </datafield>
      <datafield tag="300" ind1=" " ind2=" ">
        <subfield code="a">Choirbook, fol. 52-57</subfield>
        <subfield code="8">01</subfield>
      </datafield>
      <datafield tag="500" ind1=" " ind2=" ">
        <subfield code="a"/>
        <subfield code="a">Textnachweis: AH 50,193, V. 1-6. RH 21204, CAO 8407, AR, p. 500, 73*, GR, p. 120*, AMo, p. 518-519, LU, p. 885</subfield>
        <subfield code="a">Titel im Index: In Pentecoste</subfield>
        <subfield code="a">Hymnus de Spiritu Sancto/Pro gratiarum actione.</subfield>
        <subfield code="a">Victoria, Tomás Luis de</subfield>
        <subfield code="a">Veni Creator Spiritus</subfield>
      </datafield>
      <datafield tag="657" ind1=" " ind2=" ">
        <subfield code="a">Hymnus de Spiritu Sancto/Pro gratiarum actione.</subfield>
      </datafield>
      <datafield tag="691" ind1=" " ind2=" ">
        <subfield code="a">Victoria OO</subfield>
        <subfield code="n">vol. 5,  p. 34-37.</subfield>
        <subfield code="0"> p. 34-37.</subfield>
      </datafield>
      <datafield tag="730" ind1=" " ind2=" ">
        <subfield code="a">Veni Creator Spiritus</subfield>
      </datafield>
      <datafield tag="730" ind1=" " ind2=" ">
        <subfield code="a">In Pentecoste</subfield>
      </datafield>
      <datafield tag="730" ind1=" " ind2=" ">
        <subfield code="a">Hymnus</subfield>
      </datafield>
      <datafield tag="773" ind1=" " ind2=" ">
        <subfield code="w">85700017</subfield>
      </datafield>
      <datafield tag="852" ind1=" " ind2=" ">
        <subfield code="a">V-CVbav</subfield>
        <subfield code="c">CS 164</subfield>
        <subfield code="z">Fondo Cappella Sistina</subfield>
      </datafield>
      <datafield tag="593" ind1=" " ind2=" ">
        <subfield code="a">Print</subfield>
        <subfield code="8">01</subfield>
      </datafield>
      <datafield tag="594" ind1=" " ind2=" ">
        <subfield code="b">S</subfield>
        <subfield code="c">1</subfield>
      </datafield>
      <datafield tag="594" ind1=" " ind2=" ">
        <subfield code="b">T</subfield>
        <subfield code="c">1</subfield>
      </datafield>
      <datafield tag="594" ind1=" " ind2=" ">
        <subfield code="b">A</subfield>
        <subfield code="c">1</subfield>
      </datafield>
      <datafield tag="594" ind1=" " ind2=" ">
        <subfield code="b">B</subfield>
        <subfield code="c">1</subfield>
      </datafield>
    </record>