
    <record>
      <leader>00000ncd a2200000 u 4500</leader>
      <controlfield tag="001">85701256</controlfield>
      <datafield tag="031" ind1=" " ind2=" ">
        <subfield code="a">1</subfield>
        <subfield code="b">1</subfield>
        <subfield code="c">1</subfield>
        <subfield code="d">Pange lingua gloriosi</subfield>
        <subfield code="t">Pange lingua gloriosi</subfield>
        <subfield code="m">T</subfield>
        <subfield code="q">composed by Victoria, Tomás Luis de</subfield>
        <subfield code="q">Choraliter</subfield>
      </datafield>
      <datafield tag="031" ind1=" " ind2=" ">
        <subfield code="a">1</subfield>
        <subfield code="b">2</subfield>
        <subfield code="c">1</subfield>
        <subfield code="d">Pange lingua gloriosi</subfield>
        <subfield code="t">Nobis datus nobis natus</subfield>
        <subfield code="m">ST|AB</subfield>
        <subfield code="q">composed by Victoria, Tomás Luis de</subfield>
      </datafield>
      <datafield tag="031" ind1=" " ind2=" ">
        <subfield code="a">1</subfield>
        <subfield code="b">3</subfield>
        <subfield code="c">1</subfield>
        <subfield code="d">Pange lingua gloriosi</subfield>
        <subfield code="t">In supremae nocte cenae</subfield>
        <subfield code="m">T</subfield>
        <subfield code="q">composed by Victoria, Tomás Luis de</subfield>
        <subfield code="q">Choraliter</subfield>
      </datafield>
      <datafield tag="031" ind1=" " ind2=" ">
        <subfield code="a">1</subfield>
        <subfield code="b">4</subfield>
        <subfield code="c">1</subfield>
        <subfield code="d">Pange lingua gloriosi</subfield>
        <subfield code="t">Verbum caro panem verum</subfield>
        <subfield code="m">ST|A</subfield>
        <subfield code="q">composed by Victoria, Tomás Luis de</subfield>
        <subfield code="q">"Bassus tacet."</subfield>
      </datafield>
      <datafield tag="031" ind1=" " ind2=" ">
        <subfield code="a">1</subfield>
        <subfield code="b">5</subfield>
        <subfield code="c">1</subfield>
        <subfield code="d">Pange lingua gloriosi</subfield>
        <subfield code="t">Tantum ergo sacramentum</subfield>
        <subfield code="m">T</subfield>
        <subfield code="q">composed by Victoria, Tomás Luis de</subfield>
        <subfield code="q">Choraliter</subfield>
      </datafield>
      <datafield tag="031" ind1=" " ind2=" ">
        <subfield code="a">1</subfield>
        <subfield code="b">6</subfield>
        <subfield code="c">1</subfield>
        <subfield code="d">Pange lingua gloriosi</subfield>
        <subfield code="t">Genitori genitoque</subfield>
        <subfield code="m">ST|AB</subfield>
        <subfield code="q">composed by Victoria, Tomás Luis de</subfield>
        <subfield code="q">"Amen" in allen Stimmen.</subfield>
      </datafield>
      <datafield tag="100" ind1=" " ind2=" ">
        <subfield code="a">Victoria, Tomás Luis de</subfield>
      </datafield>
      <datafield tag="240" ind1=" " ind2=" ">
        <subfield code="a">Pange lingua gloriosi</subfield>
        <subfield code="m">V (4)</subfield>
      </datafield>
      <datafield tag="245" ind1=" " ind2=" ">
        <subfield code="a">De Corpore Christi, more hispano</subfield>
      </datafield>
      <datafield tag="300" ind1=" " ind2=" ">
        <subfield code="a">Choirbook, fol. 146-151</subfield>
        <subfield code="8">01</subfield>
      </datafield>
      <datafield tag="500" ind1=" " ind2=" ">
        <subfield code="a"/>
        <subfield code="a">Textnachweis: AH 50,586, RH 14481, CAO 8367, AR, p. 527, GR, p. 187, 122*, AMo, p. 547,  LU, p. 950</subfield>
        <subfield code="a">Titel im Index: De Corpore Christi, more hispano</subfield>
        <subfield code="a">In festo corporis Christi. Ad vesperas vel ad processionem / Feria VI in Parasceve</subfield>
        <subfield code="a">Victoria, Tomás Luis de</subfield>
        <subfield code="a">Pange lingua gloriosi</subfield>
      </datafield>
      <datafield tag="657" ind1=" " ind2=" ">
        <subfield code="a">In festo corporis Christi. Ad vesperas vel ad processionem / Feria VI in Parasceve</subfield>
      </datafield>
      <datafield tag="691" ind1=" " ind2=" ">
        <subfield code="a">Victoria OO</subfield>
        <subfield code="n">vol. 5,  p. 95-99.</subfield>
        <subfield code="0"> p. 95-99.</subfield>
      </datafield>
      <datafield tag="730" ind1=" " ind2=" ">
        <subfield code="a">Pange lingua gloriosi</subfield>
      </datafield>
      <datafield tag="730" ind1=" " ind2=" ">
        <subfield code="a">De Corpore Christi, more hispano</subfield>
      </datafield>
      <datafield tag="730" ind1=" " ind2=" ">
        <subfield code="a">Hymnus</subfield>
      </datafield>
      <datafield tag="773" ind1=" " ind2=" ">
        <subfield code="w">85700017</subfield>
      </datafield>
      <datafield tag="852" ind1=" " ind2=" ">
        <subfield code="a">V-CVbav</subfield>
        <subfield code="c">CS 164</subfield>
        <subfield code="z">Fondo Cappella Sistina</subfield>
      </datafield>
      <datafield tag="593" ind1=" " ind2=" ">
        <subfield code="a">Print</subfield>
        <subfield code="8">01</subfield>
      </datafield>
      <datafield tag="594" ind1=" " ind2=" ">
        <subfield code="b">S</subfield>
        <subfield code="c">1</subfield>
      </datafield>
      <datafield tag="594" ind1=" " ind2=" ">
        <subfield code="b">T</subfield>
        <subfield code="c">1</subfield>
      </datafield>
      <datafield tag="594" ind1=" " ind2=" ">
        <subfield code="b">A</subfield>
        <subfield code="c">1</subfield>
      </datafield>
      <datafield tag="594" ind1=" " ind2=" ">
        <subfield code="b">B</subfield>
        <subfield code="c">1</subfield>
      </datafield>
    </record>