
    <record>
      <leader>00000ncd a2200000 u 4500</leader>
      <controlfield tag="001">85701260</controlfield>
      <datafield tag="031" ind1=" " ind2=" ">
        <subfield code="a">1</subfield>
        <subfield code="b">1</subfield>
        <subfield code="c">1</subfield>
        <subfield code="d">Laudate Dominum omnes gentes</subfield>
        <subfield code="t">Laudate Dominum omnes gentes</subfield>
        <subfield code="m">SATB|S2A2T2B2</subfield>
        <subfield code="q">composed by Victoria, Tomás Luis de</subfield>
      </datafield>
      <datafield tag="100" ind1=" " ind2=" ">
        <subfield code="a">Victoria, Tomás Luis de</subfield>
      </datafield>
      <datafield tag="240" ind1=" " ind2=" ">
        <subfield code="a">Laudate Dominum omnes gentes</subfield>
        <subfield code="m">V (8)</subfield>
      </datafield>
      <datafield tag="245" ind1=" " ind2=" ">
        <subfield code="a">Laudate Dominum, octo vocibus</subfield>
      </datafield>
      <datafield tag="300" ind1=" " ind2=" ">
        <subfield code="a">Choirbook, fol. 178-184</subfield>
        <subfield code="8">01</subfield>
      </datafield>
      <datafield tag="500" ind1=" " ind2=" ">
        <subfield code="a"/>
        <subfield code="a">Textnachweis: Ps 116 oder 146, 148, 150, AMi, S. 147 oder 209 oder 53, GR, S. 91, 199, [191], 120, [204]</subfield>
        <subfield code="a">Titel im Index: Laudate Dominum, octo vocibus</subfield>
        <subfield code="a">Victoria, Tomás Luis de</subfield>
        <subfield code="a">Laudate Dominum omnes gentes</subfield>
      </datafield>
      <datafield tag="691" ind1=" " ind2=" ">
        <subfield code="a">Victoria OO</subfield>
        <subfield code="n">vol. 7,  p. 20-26.</subfield>
        <subfield code="0"> p. 20-26.</subfield>
      </datafield>
      <datafield tag="730" ind1=" " ind2=" ">
        <subfield code="a">Laudate Dominum omnes gentes</subfield>
      </datafield>
      <datafield tag="730" ind1=" " ind2=" ">
        <subfield code="a">Laudate Dominum, octo vocibus</subfield>
      </datafield>
      <datafield tag="730" ind1=" " ind2=" ">
        <subfield code="a">Psalm</subfield>
      </datafield>
      <datafield tag="773" ind1=" " ind2=" ">
        <subfield code="w">85700017</subfield>
      </datafield>
      <datafield tag="852" ind1=" " ind2=" ">
        <subfield code="a">V-CVbav</subfield>
        <subfield code="c">CS 164</subfield>
        <subfield code="z">Fondo Cappella Sistina</subfield>
      </datafield>
      <datafield tag="593" ind1=" " ind2=" ">
        <subfield code="a">Print</subfield>
        <subfield code="8">01</subfield>
      </datafield>
      <datafield tag="594" ind1=" " ind2=" ">
        <subfield code="b">S</subfield>
        <subfield code="c">2</subfield>
      </datafield>
      <datafield tag="594" ind1=" " ind2=" ">
        <subfield code="b">T</subfield>
        <subfield code="c">2</subfield>
      </datafield>
      <datafield tag="594" ind1=" " ind2=" ">
        <subfield code="b">A</subfield>
        <subfield code="c">2</subfield>
      </datafield>
      <datafield tag="594" ind1=" " ind2=" ">
        <subfield code="b">B</subfield>
        <subfield code="c">2</subfield>
      </datafield>
    </record>