
  </content>
  <record>
    <leader>00000ncc a2200000 u 4500</leader>
    <controlfield tag="001">85700018</controlfield>
    <datafield tag="041" ind1=" " ind2=" ">
      <subfield code="a">lat</subfield>
    </datafield>
    <datafield tag="100" ind1=" " ind2=" ">
      <subfield code="a">Orlando di Lasso</subfield>
    </datafield>
    <datafield tag="130" ind1=" " ind2=" ">
      <subfield code="a">Masses</subfield>
    </datafield>
    <datafield tag="245" ind1=" " ind2=" ">
      <subfield code="a">PATROCINIVM MVSICES | ORLANDI DE LASSO | Illustriss: Ducis Bavariae, Chori Magistri, | MISSAE ALIQVOT | Quinque vocum. | SECVUNDA PARS. | Illustriss: Principis D. Gvilhelmi Comitis Pala- | tini Rheni, vtriusq: Bauariae Ducis, liberalitate | in lucem editum. | Monachij excudebat Adamus Berg. | M. D. LXXIIII.</subfield>
    </datafield>
    <datafield tag="260" ind1=" " ind2=" ">
      <subfield code="a">München</subfield>
      <subfield code="b">München: Adam Berg</subfield>
      <subfield code="c">1574</subfield>
      <subfield code="8">01</subfield>
    </datafield>
    <datafield tag="300" ind1=" " ind2=" ">
      <subfield code="a">1 choirbook: 240f.</subfield>
      <subfield code="b">Papier</subfield>
      <subfield code="c">487x332</subfield>
      <subfield code="8">01</subfield>
    </datafield>
    <datafield tag="500" ind1=" " ind2=" ">
      <subfield code="a">Aktuelle Lagenstrukturen: Vierblattlagen am Anfang etwas "verklebt".</subfield>
      <subfield code="8">01</subfield>
    </datafield>
    <datafield tag="500" ind1=" " ind2=" ">
      <subfield code="a"/>
      <subfield code="a">PATROCINIVM MVSICES / ORLANDI DE LASSO / Illustriss: Ducis Bavariae, Chori Magistri, / MISSAE ALIQVOT / Quinque vocum. / SECVUNDA PARS. / Illustriss: Principis D. Gvilhelmi Comitis Pala- / tini Rheni, vtriusq: Bauariae Ducis, liberalitate / in lucem editum. / Monachij excudebat Adamus Berg. / M. D. LXXIIII.</subfield>
      <subfield code="a">Aktuelle Blattzählung: [01-03], 1-240 unten Mitte mit Bleistift, arab. modern</subfield>
      <subfield code="a">Notation: weiß mensural</subfield>
      <subfield code="a">Signatur: Deckelinnenseite links oben "# 20 " und "44", letztere fast vom Wurmfraß entfernt, mit brauner Tinte, daneben Kleber mit "Capp. Sist. 165".</subfield>
      <subfield code="a">Dekoration: Es gibt praktisch zwei Titelkupferstiche, der erste p. 1r mit Patronen der Musik die mit Namen (auf Banderolen) und Wappen abgebildet sind. Dazu gehören Gregor XIII., Kaiser Maximilian, Philipp ?, König Carolus von Frankreich, Erzherzog (?) Ferdinand, Erzherzog Carol von Österreich, Fürst Albert von Bayern und der Patron ders Drcks Fürst Wilhelm von Bayern, Renatus (?) und Lothar von Bayern (?). Reichhaltig sind auch die Initialen. Sie zeigen verschiedene Bibelszenen und sind alle quadratisch und etwa gleich groß (73 x 73 mm)</subfield>
      <subfield code="a">Leder löst sich von unten rechts her schon zu einem Sechstel von der Pappe. Ansonsten für die Dicke Bindung gut erhalten. Rechts unten vor allem die ersten dreißig Blätter etwas eingekringelt und abgegriffen.</subfield>
      <subfield code="a">[01-03] A-[A4], es wird immer nur A, A2, A3 und leer gezählt, B-B4 ... Aa- Zz4 ... Aaa-Zzz4, [04-06]</subfield>
      <subfield code="a">max. 8 Fünfliniensysteme. Es werden nur die Liniensysteme abgedruckt, die auch gebraucht werden.</subfield>
      <subfield code="a">München: Kurfürst Wilhelm(?)</subfield>
    </datafield>
    <datafield tag="563" ind1=" " ind2=" ">
      <subfield code="a">Braunes Leder auf Pappe. Einband mit vergoldeten Einstanzungenund Rahmen. In der Mitte Gregor XIII Wappen (Drache) und darunter ein Medaillon mit "GREGO / RIUM / XIII / PO. MAX". Gleiche Gesatltng der Rückseite, nur fehlt dort das Medaillon mit dem Namen Gregors.</subfield>
      <subfield code="8">01</subfield>
    </datafield>
    <datafield tag="593" ind1=" " ind2=" ">
      <subfield code="a">Print</subfield>
      <subfield code="8">01</subfield>
    </datafield>
    <datafield tag="650" ind1=" " ind2=" ">
      <subfield code="a">Masses</subfield>
    </datafield>
    <datafield tag="691" ind1=" " ind2=" ">
      <subfield code="a">RISM L873</subfield>
    </datafield>
    <datafield tag="691" ind1=" " ind2=" ">
      <subfield code="a">HaberlV 1888</subfield>
      <subfield code="n">p. 44</subfield>
      <subfield code="0">3122</subfield>
    </datafield>
    <datafield tag="691" ind1=" " ind2=" ">
      <subfield code="a">LlorensS 1960</subfield>
      <subfield code="n">p. 193f.</subfield>
      <subfield code="0">144</subfield>
    </datafield>
    <datafield tag="691" ind1=" " ind2=" ">
      <subfield code="a">PanuzziL 1687</subfield>
      <subfield code="n">044</subfield>
      <subfield code="0">41001975</subfield>
    </datafield>
    <datafield tag="691" ind1=" " ind2=" ">
      <subfield code="a">CeliL 1753</subfield>
      <subfield code="n">A125</subfield>
      <subfield code="0">41001973</subfield>
    </datafield>
    <datafield tag="691" ind1=" " ind2=" ">
      <subfield code="a">StoraceP 1813</subfield>
      <subfield code="n">A125</subfield>
      <subfield code="0">41001976</subfield>
    </datafield>
    <datafield tag="691" ind1=" " ind2=" ">
      <subfield code="a">SalvatiL 1863</subfield>
      <subfield code="n">165</subfield>
      <subfield code="0">41001978</subfield>
    </datafield>
    <datafield tag="700" ind1=" " ind2=" ">
      <subfield code="a">Wilhelm von Bayern / Gregor XIII.</subfield>
      <subfield code="4">oth</subfield>
    </datafield>
    <datafield tag="700" ind1=" " ind2=" ">
      <subfield code="a">München: Adam Berg</subfield>
      <subfield code="4">oth</subfield>
    </datafield>
    <datafield tag="710" ind1=" " ind2=" ">
      <subfield code="a">Capella Sistina</subfield>
      <subfield code="0">51000666</subfield>
      <subfield code="4">evp</subfield>
    </datafield>
    <datafield tag="774" ind1=" " ind2=" ">
      <subfield code="w">85701261</subfield>
    </datafield>
    <datafield tag="774" ind1=" " ind2=" ">
      <subfield code="w">85701262</subfield>
    </datafield>
    <datafield tag="774" ind1=" " ind2=" ">
      <subfield code="w">85701263</subfield>
    </datafield>
    <datafield tag="774" ind1=" " ind2=" ">
      <subfield code="w">85701264</subfield>
    </datafield>
    <datafield tag="774" ind1=" " ind2=" ">
      <subfield code="w">85701265</subfield>
    </datafield>
    <datafield tag="852" ind1=" " ind2=" ">
      <subfield code="a">V-CVbav</subfield>
      <subfield code="c">CS 165</subfield>
      <subfield code="d">044</subfield>
      <subfield code="d">165</subfield>
      <subfield code="d">A125</subfield>
      <subfield code="z">Fondo Cappella Sistina</subfield>
    </datafield>
    <datafield tag="856" ind1=" " ind2=" ">
      <subfield code="u">https://digi.vatlib.it/view/MSS_Capp.Sist.165</subfield>
      <subfield code="x">Digitalization</subfield>
      <subfield code="z">Digitalisat</subfield>
    </datafield>
  </record>