
    <record>
      <leader>00000ncd a2200000 u 4500</leader>
      <controlfield tag="001">85701263</controlfield>
      <datafield tag="031" ind1=" " ind2=" ">
        <subfield code="a">1</subfield>
        <subfield code="b">1</subfield>
        <subfield code="c">1</subfield>
        <subfield code="d">Missa Sydus ex claro</subfield>
        <subfield code="t">Kyrie</subfield>
        <subfield code="m">SB|ATT2</subfield>
        <subfield code="q">composed by Lasso, Orlando di</subfield>
      </datafield>
      <datafield tag="031" ind1=" " ind2=" ">
        <subfield code="a">1</subfield>
        <subfield code="b">2</subfield>
        <subfield code="c">1</subfield>
        <subfield code="d">Missa Sydus ex claro</subfield>
        <subfield code="t">[Gloria] Et in terra / Qui tollis</subfield>
        <subfield code="m">SB|ATT2 / -</subfield>
        <subfield code="q">composed by Lasso, Orlando di</subfield>
      </datafield>
      <datafield tag="031" ind1=" " ind2=" ">
        <subfield code="a">1</subfield>
        <subfield code="b">3</subfield>
        <subfield code="c">1</subfield>
        <subfield code="d">Missa Sydus ex claro</subfield>
        <subfield code="t">[Credo] Patrem / Crucifixus / Et in spiritum</subfield>
        <subfield code="m">SB|ATT2 / SB|AT / SB|ATT2</subfield>
        <subfield code="q">composed by Lasso, Orlando di</subfield>
        <subfield code="q">Wobei der Bass beim Crucifixus Pausen hat und erst bei Et venturus zu den anderen Stimmen dazustößt.</subfield>
      </datafield>
      <datafield tag="031" ind1=" " ind2=" ">
        <subfield code="a">1</subfield>
        <subfield code="b">4</subfield>
        <subfield code="c">1</subfield>
        <subfield code="d">Missa Sydus ex claro</subfield>
        <subfield code="t">Sanctus / Benedictus / Osanna</subfield>
        <subfield code="m">SB|ATT2 / B|AT / SB|ATT2</subfield>
        <subfield code="q">composed by Lasso, Orlando di</subfield>
        <subfield code="q">Im Sanctus gibt es nur ein Pleni OHNE Osanna. Dabei gibt es keine Anmerkung wer zu singen hat, bzw. wo das Osanna beginnt.</subfield>
      </datafield>
      <datafield tag="031" ind1=" " ind2=" ">
        <subfield code="a">1</subfield>
        <subfield code="b">5</subfield>
        <subfield code="c">1</subfield>
        <subfield code="d">Missa Sydus ex claro</subfield>
        <subfield code="t">Agnus Dei</subfield>
        <subfield code="m">SB|ATT2</subfield>
        <subfield code="q">composed by Lasso, Orlando di</subfield>
      </datafield>
      <datafield tag="100" ind1=" " ind2=" ">
        <subfield code="a">Lasso, Orlando di</subfield>
      </datafield>
      <datafield tag="240" ind1=" " ind2=" ">
        <subfield code="a">Missa Sydus ex claro</subfield>
        <subfield code="m">V (5)</subfield>
      </datafield>
      <datafield tag="245" ind1=" " ind2=" ">
        <subfield code="a">[without title]</subfield>
      </datafield>
      <datafield tag="300" ind1=" " ind2=" ">
        <subfield code="a">Choirbook, fol. 108</subfield>
        <subfield code="8">01</subfield>
      </datafield>
      <datafield tag="500" ind1=" " ind2=" ">
        <subfield code="a"/>
        <subfield code="a">Textnachweis: Ordinarium missae</subfield>
        <subfield code="a">A-Wn</subfield>
        <subfield code="a">4773</subfield>
        <subfield code="a">Lasso, Orlando di</subfield>
        <subfield code="a">Missa Sydus ex claro</subfield>
        <subfield code="a">kr1628 a: nicht in RISM</subfield>
        <subfield code="a">Zetzner</subfield>
        <subfield code="a">Lasso, Orlando di</subfield>
        <subfield code="a">Missa Sydus ex claro</subfield>
        <subfield code="a">L1029</subfield>
        <subfield code="a">Ballard</subfield>
        <subfield code="a">Lasso, Orlando di</subfield>
        <subfield code="a">Missa Sydus ex claro</subfield>
        <subfield code="a">L873</subfield>
        <subfield code="a">Berg [Montanus] &amp; Neuber</subfield>
        <subfield code="a">n. 3</subfield>
        <subfield code="a">Lasso, Orlando di</subfield>
        <subfield code="a">Missa Sydus ex claro</subfield>
        <subfield code="a">L900</subfield>
        <subfield code="a">Le Roy &amp; Ballard</subfield>
        <subfield code="a">Lasso, Orlando di</subfield>
        <subfield code="a">Missa Sydus ex claro</subfield>
        <subfield code="a">L901</subfield>
        <subfield code="a">Louvain, Phalèse</subfield>
        <subfield code="a">Lasso, Orlando di</subfield>
        <subfield code="a">Missa Sydus ex claro</subfield>
        <subfield code="a">L997</subfield>
        <subfield code="a">Gardano</subfield>
        <subfield code="a">Lasso, Orlando di</subfield>
        <subfield code="a">Missa Sydus ex claro</subfield>
      </datafield>
      <datafield tag="691" ind1=" " ind2=" ">
        <subfield code="a">Lasso OO</subfield>
        <subfield code="n">vol. 3,  p. 217-246.</subfield>
        <subfield code="0"> p. 217-246.</subfield>
      </datafield>
      <datafield tag="730" ind1=" " ind2=" ">
        <subfield code="a">Missa Sydus ex claro</subfield>
      </datafield>
      <datafield tag="730" ind1=" " ind2=" ">
        <subfield code="a">Messe</subfield>
      </datafield>
      <datafield tag="773" ind1=" " ind2=" ">
        <subfield code="w">85700018</subfield>
      </datafield>
      <datafield tag="852" ind1=" " ind2=" ">
        <subfield code="a">V-CVbav</subfield>
        <subfield code="c">CS 165</subfield>
        <subfield code="z">Fondo Cappella Sistina</subfield>
      </datafield>
      <datafield tag="593" ind1=" " ind2=" ">
        <subfield code="a">Print</subfield>
        <subfield code="8">01</subfield>
      </datafield>
      <datafield tag="594" ind1=" " ind2=" ">
        <subfield code="b">S</subfield>
        <subfield code="c">1</subfield>
      </datafield>
      <datafield tag="594" ind1=" " ind2=" ">
        <subfield code="b">T</subfield>
        <subfield code="c">2</subfield>
      </datafield>
      <datafield tag="594" ind1=" " ind2=" ">
        <subfield code="b">A</subfield>
        <subfield code="c">1</subfield>
      </datafield>
      <datafield tag="594" ind1=" " ind2=" ">
        <subfield code="b">B</subfield>
        <subfield code="c">1</subfield>
      </datafield>
    </record>