
    <record>
      <leader>00000ncd a2200000 u 4500</leader>
      <controlfield tag="001">85701265</controlfield>
      <datafield tag="031" ind1=" " ind2=" ">
        <subfield code="a">1</subfield>
        <subfield code="b">1</subfield>
        <subfield code="c">1</subfield>
        <subfield code="d">Missa Le Berger et la Bergere</subfield>
        <subfield code="t">Kyrie / Christe / Kyrie</subfield>
        <subfield code="m">SB|ATT2 / SB|T / SB|ATT2</subfield>
        <subfield code="q">composed by Lasso, Orlando di</subfield>
        <subfield code="q">Schlüsselung: G2,F3|C2,C3,C3. Statt falsch aber kaum leserlich 206 ist richtig 200 nachgetragen.</subfield>
      </datafield>
      <datafield tag="031" ind1=" " ind2=" ">
        <subfield code="a">1</subfield>
        <subfield code="b">2</subfield>
        <subfield code="c">1</subfield>
        <subfield code="d">Missa Le Berger et la Bergere</subfield>
        <subfield code="t">[Gloria] Et in terra / Qui tollis</subfield>
        <subfield code="m">SB|ATT2 / -</subfield>
        <subfield code="q">composed by Lasso, Orlando di</subfield>
        <subfield code="q">Auch hier ist über das schwach leserliche falsche 216, richtig 210 eingetragen.</subfield>
      </datafield>
      <datafield tag="031" ind1=" " ind2=" ">
        <subfield code="a">1</subfield>
        <subfield code="b">3</subfield>
        <subfield code="c">1</subfield>
        <subfield code="d">Missa Le Berger et la Bergere</subfield>
        <subfield code="t">[Credo] Patrem / Et incarnatus / Crucifixus / Et in spiritum</subfield>
        <subfield code="m">SB|ATT2 / - / S|AT / SB|ATT2</subfield>
        <subfield code="q">composed by Lasso, Orlando di</subfield>
      </datafield>
      <datafield tag="031" ind1=" " ind2=" ">
        <subfield code="a">1</subfield>
        <subfield code="b">4</subfield>
        <subfield code="c">1</subfield>
        <subfield code="d">Missa Le Berger et la Bergere</subfield>
        <subfield code="t">Sanctus / Benedictus / Osanna</subfield>
        <subfield code="m">SB|ATT2 / SB|AT / SB|ATT2</subfield>
        <subfield code="q">composed by Lasso, Orlando di</subfield>
        <subfield code="q">Auch hier ist über das schwach leserliche falsche 236, richitg 230 eingetragen. Wie bei den anderen Osanna fehlt das Osanna nach Pleni und es gibt keinen Verweis auf die Ausführung oder Seitenzahl.</subfield>
      </datafield>
      <datafield tag="031" ind1=" " ind2=" ">
        <subfield code="a">1</subfield>
        <subfield code="b">5</subfield>
        <subfield code="c">1</subfield>
        <subfield code="d">Missa Le Berger et la Bergere</subfield>
        <subfield code="t">Agnus Dei</subfield>
        <subfield code="m">SB|ATT2</subfield>
        <subfield code="q">composed by Lasso, Orlando di</subfield>
        <subfield code="q">Auch hier ist über das schwach leserliche falsche 246, richtig 240 eingetragen.</subfield>
      </datafield>
      <datafield tag="100" ind1=" " ind2=" ">
        <subfield code="a">Lasso, Orlando di</subfield>
      </datafield>
      <datafield tag="240" ind1=" " ind2=" ">
        <subfield code="a">Missa Le Berger et la Bergere</subfield>
        <subfield code="m">V (5)</subfield>
      </datafield>
      <datafield tag="245" ind1=" " ind2=" ">
        <subfield code="a">[without title]</subfield>
      </datafield>
      <datafield tag="300" ind1=" " ind2=" ">
        <subfield code="a">Choirbook, fol. 193</subfield>
        <subfield code="8">01</subfield>
      </datafield>
      <datafield tag="500" ind1=" " ind2=" ">
        <subfield code="a"/>
        <subfield code="a">Textnachweis: Ordinarium missae</subfield>
        <subfield code="a">A-Wn</subfield>
        <subfield code="a">15948</subfield>
        <subfield code="a">98-122</subfield>
        <subfield code="a">Lasso, Orlando di</subfield>
        <subfield code="a">Missa Le Berger et la Bergere</subfield>
        <subfield code="a">D-Sl</subfield>
        <subfield code="a">10</subfield>
        <subfield code="a">1-58</subfield>
        <subfield code="a">lückenhaft</subfield>
        <subfield code="a">Lasso, Orlando di</subfield>
        <subfield code="a">Missa Le Berger et la Bergere</subfield>
        <subfield code="a">L831</subfield>
        <subfield code="a">Correggio</subfield>
        <subfield code="a">n. 5</subfield>
        <subfield code="a">Lasso, Orlando di</subfield>
        <subfield code="a">Missa Le Berger et la Bergere</subfield>
        <subfield code="a">L873</subfield>
        <subfield code="a">Berg [Montanus] &amp; Neuber</subfield>
        <subfield code="a">n. 5</subfield>
        <subfield code="a">Lasso, Orlando di</subfield>
        <subfield code="a">Missa Le Berger et la Bergere</subfield>
        <subfield code="a">L900</subfield>
        <subfield code="a">Le Roy &amp; Ballard</subfield>
        <subfield code="a">Lasso, Orlando di</subfield>
        <subfield code="a">Missa Le Berger et la Bergere</subfield>
        <subfield code="a">L901</subfield>
        <subfield code="a">Louvain, Phalèse</subfield>
        <subfield code="a">Lasso, Orlando di</subfield>
        <subfield code="a">Missa Le Berger et la Bergere</subfield>
        <subfield code="a">L997</subfield>
        <subfield code="a">Gardano</subfield>
        <subfield code="a">Lasso, Orlando di</subfield>
        <subfield code="a">Missa Le Berger et la Bergere</subfield>
      </datafield>
      <datafield tag="691" ind1=" " ind2=" ">
        <subfield code="a">Lasso OO</subfield>
        <subfield code="n">vol. 3,  p. 97-130.</subfield>
        <subfield code="0"> p. 97-130.</subfield>
      </datafield>
      <datafield tag="730" ind1=" " ind2=" ">
        <subfield code="a">Missa Le Berger et la Bergere</subfield>
      </datafield>
      <datafield tag="730" ind1=" " ind2=" ">
        <subfield code="a">Messe</subfield>
      </datafield>
      <datafield tag="773" ind1=" " ind2=" ">
        <subfield code="w">85700018</subfield>
      </datafield>
      <datafield tag="852" ind1=" " ind2=" ">
        <subfield code="a">V-CVbav</subfield>
        <subfield code="c">CS 165</subfield>
        <subfield code="z">Fondo Cappella Sistina</subfield>
      </datafield>
      <datafield tag="593" ind1=" " ind2=" ">
        <subfield code="a">Print</subfield>
        <subfield code="8">01</subfield>
      </datafield>
      <datafield tag="594" ind1=" " ind2=" ">
        <subfield code="b">S</subfield>
        <subfield code="c">1</subfield>
      </datafield>
      <datafield tag="594" ind1=" " ind2=" ">
        <subfield code="b">T</subfield>
        <subfield code="c">2</subfield>
      </datafield>
      <datafield tag="594" ind1=" " ind2=" ">
        <subfield code="b">A</subfield>
        <subfield code="c">1</subfield>
      </datafield>
      <datafield tag="594" ind1=" " ind2=" ">
        <subfield code="b">B</subfield>
        <subfield code="c">1</subfield>
      </datafield>
    </record>