
  <content>
    <record>
      <leader>00000ncd a2200000 u 4500</leader>
      <controlfield tag="001">85701266</controlfield>
      <datafield tag="031" ind1=" " ind2=" ">
        <subfield code="a">1</subfield>
        <subfield code="b">1</subfield>
        <subfield code="c">1</subfield>
        <subfield code="d">Quem vidistis pastores dicite</subfield>
        <subfield code="t">In die Natalis Domini</subfield>
        <subfield code="m">STT2|S2AB</subfield>
        <subfield code="q">composed by Victoria, Tomás Luis de</subfield>
      </datafield>
      <datafield tag="031" ind1=" " ind2=" ">
        <subfield code="a">1</subfield>
        <subfield code="b">2</subfield>
        <subfield code="c">1</subfield>
        <subfield code="d">Quem vidistis pastores dicite</subfield>
        <subfield code="t">Secunda pars. Dicite quid nam vidistis</subfield>
        <subfield code="m">STT2|S2AB</subfield>
        <subfield code="q">composed by Victoria, Tomás Luis de</subfield>
      </datafield>
      <datafield tag="100" ind1=" " ind2=" ">
        <subfield code="a">Victoria, Tomás Luis de</subfield>
      </datafield>
      <datafield tag="240" ind1=" " ind2=" ">
        <subfield code="a">Quem vidistis pastores?</subfield>
        <subfield code="m">V (6)</subfield>
      </datafield>
      <datafield tag="245" ind1=" " ind2=" ">
        <subfield code="a">In die Natalis Domini</subfield>
      </datafield>
      <datafield tag="300" ind1=" " ind2=" ">
        <subfield code="a">Choirbook, fol. 1v-7r</subfield>
        <subfield code="8">01</subfield>
      </datafield>
      <datafield tag="500" ind1=" " ind2=" ">
        <subfield code="a"/>
        <subfield code="a">Textnachweis: CAO 4433, LA 1897, p. 176</subfield>
        <subfield code="a">Titel im Index: In die Natalis Domini</subfield>
        <subfield code="a">In Nativitate Domini</subfield>
        <subfield code="a">V 1425 (1609)</subfield>
        <subfield code="a">Gardano, Angelo</subfield>
        <subfield code="a">n. 29</subfield>
        <subfield code="a">Victoria, Tomás Luis de</subfield>
        <subfield code="a">Quem vidistis, pastores?</subfield>
        <subfield code="a">V 1433 (=1585/kr)</subfield>
        <subfield code="a">Gardano, Alessandro (gedruckt bei Dominico Basa)</subfield>
        <subfield code="a">n. 1</subfield>
        <subfield code="a">Victoria, Tomás Luis de</subfield>
        <subfield code="a">Quem vidistis, pastores?</subfield>
      </datafield>
      <datafield tag="657" ind1=" " ind2=" ">
        <subfield code="a">In Nativitate Domini</subfield>
      </datafield>
      <datafield tag="691" ind1=" " ind2=" ">
        <subfield code="a">Victoria OO</subfield>
        <subfield code="n">vol. 1,  p. 90-96,  p.</subfield>
        <subfield code="0"> p. 90-96</subfield>
      </datafield>
      <datafield tag="691" ind1=" " ind2=" ">
        <subfield code="a">Victoria MME</subfield>
        <subfield code="n">vol. 26,  p. 73-82.</subfield>
        <subfield code="0"> p. 73-82.</subfield>
      </datafield>
      <datafield tag="730" ind1=" " ind2=" ">
        <subfield code="a">Quem vidistis pastores?</subfield>
      </datafield>
      <datafield tag="730" ind1=" " ind2=" ">
        <subfield code="a">In die Natalis Domini</subfield>
      </datafield>
      <datafield tag="730" ind1=" " ind2=" ">
        <subfield code="a">Antiphon</subfield>
      </datafield>
      <datafield tag="773" ind1=" " ind2=" ">
        <subfield code="w">85700019</subfield>
      </datafield>
      <datafield tag="852" ind1=" " ind2=" ">
        <subfield code="a">V-CVbav</subfield>
        <subfield code="c">CS 169</subfield>
        <subfield code="z">Fondo Cappella Sistina</subfield>
      </datafield>
      <datafield tag="593" ind1=" " ind2=" ">
        <subfield code="a">Print</subfield>
        <subfield code="8">01</subfield>
      </datafield>
      <datafield tag="594" ind1=" " ind2=" ">
        <subfield code="b">S</subfield>
        <subfield code="c">2</subfield>
      </datafield>
      <datafield tag="594" ind1=" " ind2=" ">
        <subfield code="b">T</subfield>
        <subfield code="c">2</subfield>
      </datafield>
      <datafield tag="594" ind1=" " ind2=" ">
        <subfield code="b">A</subfield>
        <subfield code="c">1</subfield>
      </datafield>
      <datafield tag="594" ind1=" " ind2=" ">
        <subfield code="b">B</subfield>
        <subfield code="c">1</subfield>
      </datafield>
    </record>