
    <record>
      <leader>00000ncd a2200000 u 4500</leader>
      <controlfield tag="001">85701267</controlfield>
      <datafield tag="031" ind1=" " ind2=" ">
        <subfield code="a">1</subfield>
        <subfield code="b">1</subfield>
        <subfield code="c">1</subfield>
        <subfield code="d">Pastores loquebantur ad invicem</subfield>
        <subfield code="t">In eodem festo Natali Domini</subfield>
        <subfield code="m">STB2|S2AB</subfield>
        <subfield code="q">composed by Victoria, Tomás Luis de</subfield>
      </datafield>
      <datafield tag="100" ind1=" " ind2=" ">
        <subfield code="a">Guerrero, Francisco</subfield>
      </datafield>
      <datafield tag="240" ind1=" " ind2=" ">
        <subfield code="a">Pastores loquebantur</subfield>
        <subfield code="m">V (6)</subfield>
      </datafield>
      <datafield tag="245" ind1=" " ind2=" ">
        <subfield code="a">In eodem festo Natalis Domini</subfield>
      </datafield>
      <datafield tag="300" ind1=" " ind2=" ">
        <subfield code="a">Choirbook, fol. 7v-10r</subfield>
        <subfield code="8">01</subfield>
      </datafield>
      <datafield tag="500" ind1=" " ind2=" ">
        <subfield code="a"/>
        <subfield code="a">Textnachweis: Lc 2:15, CAO 4225</subfield>
        <subfield code="a">Titel im Index: In eodem festo Natalis Domini</subfield>
        <subfield code="a">Komponist im Index: Guerrero, Francisco</subfield>
        <subfield code="a">In Nativitate Domini</subfield>
        <subfield code="a">BAV</subfield>
        <subfield code="a">CG XVI.24</subfield>
        <subfield code="a">7v-10r</subfield>
        <subfield code="a">"Francisci Guerrero"</subfield>
        <subfield code="a">Guerrero, Francisco</subfield>
        <subfield code="a">Pastores loquebantur</subfield>
        <subfield code="a">BAV</subfield>
        <subfield code="a">CS 29 (=29005)</subfield>
        <subfield code="a">Guerrero, Francisco</subfield>
        <subfield code="a">Pastores loquebantur</subfield>
        <subfield code="a">Guerrero, Francisco</subfield>
      </datafield>
      <datafield tag="657" ind1=" " ind2=" ">
        <subfield code="a">In Nativitate Domini</subfield>
      </datafield>
      <datafield tag="691" ind1=" " ind2=" ">
        <subfield code="a">= secunda parte</subfield>
      </datafield>
      <datafield tag="730" ind1=" " ind2=" ">
        <subfield code="a">Pastores loquebantur</subfield>
      </datafield>
      <datafield tag="730" ind1=" " ind2=" ">
        <subfield code="a">In eodem festo Natalis Domini</subfield>
      </datafield>
      <datafield tag="730" ind1=" " ind2=" ">
        <subfield code="a">Antiphon</subfield>
      </datafield>
      <datafield tag="773" ind1=" " ind2=" ">
        <subfield code="w">85700019</subfield>
      </datafield>
      <datafield tag="852" ind1=" " ind2=" ">
        <subfield code="a">V-CVbav</subfield>
        <subfield code="c">CS 169</subfield>
        <subfield code="z">Fondo Cappella Sistina</subfield>
      </datafield>
      <datafield tag="593" ind1=" " ind2=" ">
        <subfield code="a">Print</subfield>
        <subfield code="8">01</subfield>
      </datafield>
      <datafield tag="594" ind1=" " ind2=" ">
        <subfield code="b">S</subfield>
        <subfield code="c">2</subfield>
      </datafield>
      <datafield tag="594" ind1=" " ind2=" ">
        <subfield code="b">T</subfield>
        <subfield code="c">1</subfield>
      </datafield>
      <datafield tag="594" ind1=" " ind2=" ">
        <subfield code="b">A</subfield>
        <subfield code="c">1</subfield>
      </datafield>
      <datafield tag="594" ind1=" " ind2=" ">
        <subfield code="b">B</subfield>
        <subfield code="c">2</subfield>
      </datafield>
    </record>