
    <record>
      <leader>00000ncd a2200000 u 4500</leader>
      <controlfield tag="001">85701274</controlfield>
      <datafield tag="031" ind1=" " ind2=" ">
        <subfield code="a">1</subfield>
        <subfield code="b">1</subfield>
        <subfield code="c">1</subfield>
        <subfield code="d">Tu es Petrus</subfield>
        <subfield code="t">In festo Sancti Petri et Pauli</subfield>
        <subfield code="m">STT2|S2AB</subfield>
        <subfield code="q">composed by Victoria, Tomás Luis de</subfield>
      </datafield>
      <datafield tag="100" ind1=" " ind2=" ">
        <subfield code="a">Victoria, Tomás Luis de</subfield>
      </datafield>
      <datafield tag="240" ind1=" " ind2=" ">
        <subfield code="a">Tu es Petrus</subfield>
        <subfield code="m">V (6)</subfield>
      </datafield>
      <datafield tag="245" ind1=" " ind2=" ">
        <subfield code="a">In festo SS. Petri et Pauli</subfield>
      </datafield>
      <datafield tag="300" ind1=" " ind2=" ">
        <subfield code="a">Choirbook, fol. 28v-30r</subfield>
        <subfield code="8">01</subfield>
      </datafield>
      <datafield tag="500" ind1=" " ind2=" ">
        <subfield code="a"/>
        <subfield code="a">Textnachweis: Mt 16:18, CAO 5208, GR, S. 359, 469, 361, 360, 470</subfield>
        <subfield code="a">Titel im Index: In festo SS. Petri et Pauli</subfield>
        <subfield code="a">In festis S. Petri</subfield>
        <subfield code="a">V 1421 (1572)</subfield>
        <subfield code="a">Gardano (Söhne)</subfield>
        <subfield code="a">n. 26</subfield>
        <subfield code="a">Victoria, Tomás Luis de</subfield>
        <subfield code="a">Tu es Petrus</subfield>
        <subfield code="a">V 1422 (1583)</subfield>
        <subfield code="a">Gardano, Alessandro</subfield>
        <subfield code="a">n. 39</subfield>
        <subfield code="a">Victoria, Tomás Luis de</subfield>
        <subfield code="a">Tu es Petrus</subfield>
        <subfield code="a">V 1423 (1589)</subfield>
        <subfield code="a">Francesco und Erben Tini</subfield>
        <subfield code="a">n. 39</subfield>
        <subfield code="a">Victoria, Tomás Luis de</subfield>
        <subfield code="a">Tu es Petrus</subfield>
        <subfield code="a">V 1424 (1589)</subfield>
        <subfield code="a">Mayer</subfield>
        <subfield code="a">n. 39</subfield>
        <subfield code="a">Victoria, Tomás Luis de</subfield>
        <subfield code="a">Tu es Petrus</subfield>
        <subfield code="a">V 1425 (1609)</subfield>
        <subfield code="a">Gardano, Angelo</subfield>
        <subfield code="a">n. 37</subfield>
        <subfield code="a">Victoria, Tomás Luis de</subfield>
        <subfield code="a">Tu es Petrus</subfield>
        <subfield code="a">V 1433 (=1585/kr)</subfield>
        <subfield code="a">Gardano, Alessandro (gedruckt bei Dominico Basa)</subfield>
        <subfield code="a">n. 9</subfield>
        <subfield code="a">Victoria, Tomás Luis de</subfield>
        <subfield code="a">Tu es Petrus</subfield>
      </datafield>
      <datafield tag="657" ind1=" " ind2=" ">
        <subfield code="a">In festis S. Petri</subfield>
      </datafield>
      <datafield tag="691" ind1=" " ind2=" ">
        <subfield code="a">Victoria OO</subfield>
        <subfield code="n">vol. 1,  p. 105-110</subfield>
        <subfield code="0"> p. 105-110</subfield>
      </datafield>
      <datafield tag="691" ind1=" " ind2=" ">
        <subfield code="a">Victoria MME</subfield>
        <subfield code="n">vol. 31,  p. 101-108.</subfield>
        <subfield code="0"> p. 101-108.</subfield>
      </datafield>
      <datafield tag="730" ind1=" " ind2=" ">
        <subfield code="a">Tu es Petrus</subfield>
      </datafield>
      <datafield tag="730" ind1=" " ind2=" ">
        <subfield code="a">In festo SS. Petri et Pauli</subfield>
      </datafield>
      <datafield tag="730" ind1=" " ind2=" ">
        <subfield code="a">Antiphon</subfield>
      </datafield>
      <datafield tag="773" ind1=" " ind2=" ">
        <subfield code="w">85700019</subfield>
      </datafield>
      <datafield tag="852" ind1=" " ind2=" ">
        <subfield code="a">V-CVbav</subfield>
        <subfield code="c">CS 169</subfield>
        <subfield code="z">Fondo Cappella Sistina</subfield>
      </datafield>
      <datafield tag="593" ind1=" " ind2=" ">
        <subfield code="a">Print</subfield>
        <subfield code="8">01</subfield>
      </datafield>
      <datafield tag="594" ind1=" " ind2=" ">
        <subfield code="b">S</subfield>
        <subfield code="c">2</subfield>
      </datafield>
      <datafield tag="594" ind1=" " ind2=" ">
        <subfield code="b">T</subfield>
        <subfield code="c">2</subfield>
      </datafield>
      <datafield tag="594" ind1=" " ind2=" ">
        <subfield code="b">A</subfield>
        <subfield code="c">1</subfield>
      </datafield>
      <datafield tag="594" ind1=" " ind2=" ">
        <subfield code="b">B</subfield>
        <subfield code="c">1</subfield>
      </datafield>
    </record>