
    <record>
      <leader>00000ncd a2200000 u 4500</leader>
      <controlfield tag="001">85701275</controlfield>
      <datafield tag="031" ind1=" " ind2=" ">
        <subfield code="a">1</subfield>
        <subfield code="b">1</subfield>
        <subfield code="c">1</subfield>
        <subfield code="d">Vidi speciosam sicut columbam</subfield>
        <subfield code="t">In Assumptione beatae Mariae</subfield>
        <subfield code="m">STT2|S2AB</subfield>
        <subfield code="q">composed by Victoria, Tomás Luis de</subfield>
      </datafield>
      <datafield tag="031" ind1=" " ind2=" ">
        <subfield code="a">1</subfield>
        <subfield code="b">2</subfield>
        <subfield code="c">1</subfield>
        <subfield code="d">Vidi speciosam sicut columbam</subfield>
        <subfield code="t">Secunda pars. Quae est ista quae ascendit</subfield>
        <subfield code="m">STT2|S2AB</subfield>
        <subfield code="q">composed by Victoria, Tomás Luis de</subfield>
        <subfield code="q">Fol. 34 fehlt in der arabischen Zählung, in der Blattzählung  rechts unten jedoch nicht (fol. 33 = F iiii, fol. 35 = F v).</subfield>
      </datafield>
      <datafield tag="100" ind1=" " ind2=" ">
        <subfield code="a">Victoria, Tomás Luis de</subfield>
      </datafield>
      <datafield tag="240" ind1=" " ind2=" ">
        <subfield code="a">Vidi speciosam sicut columbam</subfield>
        <subfield code="m">V (6)</subfield>
      </datafield>
      <datafield tag="245" ind1=" " ind2=" ">
        <subfield code="a">In Assumptione Beatae Mariae</subfield>
      </datafield>
      <datafield tag="300" ind1=" " ind2=" ">
        <subfield code="a">Choirbook, fol. 30v-36r</subfield>
        <subfield code="8">01</subfield>
      </datafield>
      <datafield tag="500" ind1=" " ind2=" ">
        <subfield code="a"/>
        <subfield code="a">Textnachweis: CAO 7878, LR, p. 376, AMi, S. 388</subfield>
        <subfield code="a">Titel im Index: In Assumptione Beatae Mariae</subfield>
        <subfield code="a">In Praesentatione BMV / In Assumptione BMV</subfield>
        <subfield code="a">BAV</subfield>
        <subfield code="a">CS 212 (=212015)</subfield>
        <subfield code="a">112</subfield>
        <subfield code="a">Victoria, Tomás Luis de</subfield>
        <subfield code="a">Vidi speciosam sicut columbam</subfield>
        <subfield code="a">BAV</subfield>
        <subfield code="a">CS 29 (=29018)</subfield>
        <subfield code="a">103v-106r</subfield>
        <subfield code="a">Victoria, Tomás Luis de</subfield>
        <subfield code="a">Vidi speciosam sicut columbam</subfield>
        <subfield code="a">D-Dl</subfield>
        <subfield code="a">Grimma 54</subfield>
        <subfield code="a">p. 81-85</subfield>
        <subfield code="a">Victoria, Tomás Luis de</subfield>
        <subfield code="a">Vidi speciosam sicut columbam</subfield>
        <subfield code="a">V 1421 (1572)</subfield>
        <subfield code="a">Gardano (Söhne)</subfield>
        <subfield code="a">n. 27</subfield>
        <subfield code="a">Victoria, Tomás Luis de</subfield>
        <subfield code="a">Vidi speciosam sicut columbam</subfield>
        <subfield code="a">V 1422 (1583)</subfield>
        <subfield code="a">Gardano, Alessandro</subfield>
        <subfield code="a">n. 34</subfield>
        <subfield code="a">Victoria, Tomás Luis de</subfield>
        <subfield code="a">Vidi speciosam sicut columbam</subfield>
        <subfield code="a">V 1424 (1589)</subfield>
        <subfield code="a">Mayer</subfield>
        <subfield code="a">n. 34</subfield>
        <subfield code="a">Victoria, Tomás Luis de</subfield>
        <subfield code="a">Vidi speciosam sicut columbam</subfield>
        <subfield code="a">V 1425 (1609)</subfield>
        <subfield code="a">Gardano, Angelo</subfield>
        <subfield code="a">n. 34</subfield>
        <subfield code="a">Victoria, Tomás Luis de</subfield>
        <subfield code="a">Vidi speciosam sicut columbam</subfield>
        <subfield code="a">V 1427 (1576)</subfield>
        <subfield code="a">Gardano, Angelo</subfield>
        <subfield code="a">n. 18</subfield>
        <subfield code="a">Victoria, Tomás Luis de</subfield>
        <subfield code="a">Vidi speciosam sicut columbam</subfield>
        <subfield code="a">V 1433 (=1585/kr)</subfield>
        <subfield code="a">Gardano, Alessandro (gedruckt bei Dominico Basa)</subfield>
        <subfield code="a">n. 10</subfield>
        <subfield code="a">Victoria, Tomás Luis de</subfield>
        <subfield code="a">Vidi speciosam sicut columbam</subfield>
      </datafield>
      <datafield tag="657" ind1=" " ind2=" ">
        <subfield code="a">In Praesentatione BMV / In Assumptione BMV</subfield>
      </datafield>
      <datafield tag="691" ind1=" " ind2=" ">
        <subfield code="a">Victoria OO</subfield>
        <subfield code="n">vol. 1,  p. 111-118</subfield>
        <subfield code="0"> p. 111-118</subfield>
      </datafield>
      <datafield tag="691" ind1=" " ind2=" ">
        <subfield code="a">Victoria MME</subfield>
        <subfield code="n">vol. 26,  p. 98-107.</subfield>
        <subfield code="0"> p. 98-107.</subfield>
      </datafield>
      <datafield tag="730" ind1=" " ind2=" ">
        <subfield code="a">Vidi speciosam sicut columbam</subfield>
      </datafield>
      <datafield tag="730" ind1=" " ind2=" ">
        <subfield code="a">In Assumptione Beatae Mariae</subfield>
      </datafield>
      <datafield tag="730" ind1=" " ind2=" ">
        <subfield code="a">Antiphon</subfield>
      </datafield>
      <datafield tag="773" ind1=" " ind2=" ">
        <subfield code="w">85700019</subfield>
      </datafield>
      <datafield tag="852" ind1=" " ind2=" ">
        <subfield code="a">V-CVbav</subfield>
        <subfield code="c">CS 169</subfield>
        <subfield code="z">Fondo Cappella Sistina</subfield>
      </datafield>
      <datafield tag="593" ind1=" " ind2=" ">
        <subfield code="a">Print</subfield>
        <subfield code="8">01</subfield>
      </datafield>
      <datafield tag="594" ind1=" " ind2=" ">
        <subfield code="b">S</subfield>
        <subfield code="c">2</subfield>
      </datafield>
      <datafield tag="594" ind1=" " ind2=" ">
        <subfield code="b">T</subfield>
        <subfield code="c">2</subfield>
      </datafield>
      <datafield tag="594" ind1=" " ind2=" ">
        <subfield code="b">A</subfield>
        <subfield code="c">1</subfield>
      </datafield>
      <datafield tag="594" ind1=" " ind2=" ">
        <subfield code="b">B</subfield>
        <subfield code="c">1</subfield>
      </datafield>
    </record>