
    <record>
      <leader>00000ncd a2200000 u 4500</leader>
      <controlfield tag="001">85701280</controlfield>
      <datafield tag="031" ind1=" " ind2=" ">
        <subfield code="a">1</subfield>
        <subfield code="b">1</subfield>
        <subfield code="c">1</subfield>
        <subfield code="d">Dum complerentur dies Pentecostes</subfield>
        <subfield code="t">In festo Pentecostes</subfield>
        <subfield code="m">SS2T|AB</subfield>
        <subfield code="q">composed by Victoria, Tomás Luis de</subfield>
      </datafield>
      <datafield tag="031" ind1=" " ind2=" ">
        <subfield code="a">1</subfield>
        <subfield code="b">2</subfield>
        <subfield code="c">1</subfield>
        <subfield code="d">Dum complerentur dies Pentecostes</subfield>
        <subfield code="t">Secunda pars. Dum ergo essent in unum discipuli congregati</subfield>
        <subfield code="m">SS2T|AB</subfield>
        <subfield code="q">composed by Victoria, Tomás Luis de</subfield>
      </datafield>
      <datafield tag="100" ind1=" " ind2=" ">
        <subfield code="a">Victoria, Tomás Luis de</subfield>
      </datafield>
      <datafield tag="240" ind1=" " ind2=" ">
        <subfield code="a">Dum complerentur dies Pentecostes</subfield>
        <subfield code="m">V (5)</subfield>
      </datafield>
      <datafield tag="245" ind1=" " ind2=" ">
        <subfield code="a">In festo Pentecostes</subfield>
      </datafield>
      <datafield tag="300" ind1=" " ind2=" ">
        <subfield code="a">Choirbook, fol. 48v-54r</subfield>
        <subfield code="8">01</subfield>
      </datafield>
      <datafield tag="500" ind1=" " ind2=" ">
        <subfield code="a"/>
        <subfield code="a">Textnachweis: AH 49, 233, CAO 2442, AR, p. 503, GR, p. 260, AMo, p. 520, LU, p. 884</subfield>
        <subfield code="a">Titel im Index: In festo Pentecostes</subfield>
        <subfield code="a">Dom. Pentecostes, Fer. II/III/IV/V/VI/Sabbato Pentecostes</subfield>
        <subfield code="a">V 1421 (1572)</subfield>
        <subfield code="a">Gardano (Söhne)</subfield>
        <subfield code="a">n. 16</subfield>
        <subfield code="a">Victoria, Tomás Luis de</subfield>
        <subfield code="a">Dum complerentur dies Pentecostes</subfield>
        <subfield code="a">V 1422 (1583)</subfield>
        <subfield code="a">Gardano, Alessandro</subfield>
        <subfield code="a">n. 18</subfield>
        <subfield code="a">Victoria, Tomás Luis de</subfield>
        <subfield code="a">Dum complerentur dies Pentecostes</subfield>
        <subfield code="a">V 1423 (1589)</subfield>
        <subfield code="a">Francesco und Erben Tini</subfield>
        <subfield code="a">n. 18</subfield>
        <subfield code="a">Victoria, Tomás Luis de</subfield>
        <subfield code="a">Dum complerentur dies Pentecostes</subfield>
        <subfield code="a">V 1424 (1589)</subfield>
        <subfield code="a">Mayer</subfield>
        <subfield code="a">n. 18</subfield>
        <subfield code="a">Victoria, Tomás Luis de</subfield>
        <subfield code="a">Dum complerentur dies Pentecostes</subfield>
        <subfield code="a">V 1425 (1609)</subfield>
        <subfield code="a">Gardano, Angelo</subfield>
        <subfield code="a">n. 18</subfield>
        <subfield code="a">Victoria, Tomás Luis de</subfield>
        <subfield code="a">Dum complerentur dies Pentecostes</subfield>
        <subfield code="a">V 1433 (=1585/kr)</subfield>
        <subfield code="a">Gardano, Alessandro (gedruckt bei Dominico Basa)</subfield>
        <subfield code="a">n. 15</subfield>
        <subfield code="a">Victoria, Tomás Luis de</subfield>
        <subfield code="a">Dum complerentur dies Pentecostes</subfield>
      </datafield>
      <datafield tag="657" ind1=" " ind2=" ">
        <subfield code="a">Dom. Pentecostes, Fer. II/III/IV/V/VI/Sabbato Pentecostes</subfield>
      </datafield>
      <datafield tag="691" ind1=" " ind2=" ">
        <subfield code="a">Victoria OO</subfield>
        <subfield code="n">vol. 1,  p. 59-66</subfield>
        <subfield code="0"> p. 59-66</subfield>
      </datafield>
      <datafield tag="691" ind1=" " ind2=" ">
        <subfield code="a">Victoria MME</subfield>
        <subfield code="n">vol. 26,  p. 54-64.</subfield>
        <subfield code="0"> p. 54-64.</subfield>
      </datafield>
      <datafield tag="730" ind1=" " ind2=" ">
        <subfield code="a">Dum complerentur dies Pentecostes</subfield>
      </datafield>
      <datafield tag="730" ind1=" " ind2=" ">
        <subfield code="a">In festo Pentecostes</subfield>
      </datafield>
      <datafield tag="730" ind1=" " ind2=" ">
        <subfield code="a">Antiphon</subfield>
      </datafield>
      <datafield tag="773" ind1=" " ind2=" ">
        <subfield code="w">85700019</subfield>
      </datafield>
      <datafield tag="852" ind1=" " ind2=" ">
        <subfield code="a">V-CVbav</subfield>
        <subfield code="c">CS 169</subfield>
        <subfield code="z">Fondo Cappella Sistina</subfield>
      </datafield>
      <datafield tag="593" ind1=" " ind2=" ">
        <subfield code="a">Print</subfield>
        <subfield code="8">01</subfield>
      </datafield>
      <datafield tag="594" ind1=" " ind2=" ">
        <subfield code="b">S</subfield>
        <subfield code="c">2</subfield>
      </datafield>
      <datafield tag="594" ind1=" " ind2=" ">
        <subfield code="b">T</subfield>
        <subfield code="c">1</subfield>
      </datafield>
      <datafield tag="594" ind1=" " ind2=" ">
        <subfield code="b">A</subfield>
        <subfield code="c">1</subfield>
      </datafield>
      <datafield tag="594" ind1=" " ind2=" ">
        <subfield code="b">B</subfield>
        <subfield code="c">1</subfield>
      </datafield>
    </record>