
    <record>
      <leader>00000ncd a2200000 u 4500</leader>
      <controlfield tag="001">85701282</controlfield>
      <datafield tag="031" ind1=" " ind2=" ">
        <subfield code="a">1</subfield>
        <subfield code="b">1</subfield>
        <subfield code="c">1</subfield>
        <subfield code="d">Descendit angelus Domini ad Zachariam</subfield>
        <subfield code="t">In Nativitate Sancti Ioannis Baptiste</subfield>
        <subfield code="m">SS2T|AB</subfield>
        <subfield code="q">composed by Victoria, Tomás Luis de</subfield>
      </datafield>
      <datafield tag="031" ind1=" " ind2=" ">
        <subfield code="a">1</subfield>
        <subfield code="b">2</subfield>
        <subfield code="c">1</subfield>
        <subfield code="d">Descendit angelus Domini ad Zachariam</subfield>
        <subfield code="t">Secunda pars. Ne timeas quoniam exaudita</subfield>
        <subfield code="m">SS2T+|AB</subfield>
        <subfield code="q">composed by Victoria, Tomás Luis de</subfield>
      </datafield>
      <datafield tag="100" ind1=" " ind2=" ">
        <subfield code="a">Victoria, Tomás Luis de</subfield>
      </datafield>
      <datafield tag="240" ind1=" " ind2=" ">
        <subfield code="a">Descendit angelus Domini ad Zachariam</subfield>
        <subfield code="m">V (5)</subfield>
      </datafield>
      <datafield tag="245" ind1=" " ind2=" ">
        <subfield code="a">In Nativitate Sancti Ioannis Bap.</subfield>
      </datafield>
      <datafield tag="300" ind1=" " ind2=" ">
        <subfield code="a">Choirbook, fol. 55v-59r</subfield>
        <subfield code="8">01</subfield>
      </datafield>
      <datafield tag="500" ind1=" " ind2=" ">
        <subfield code="a"/>
        <subfield code="a">Textnachweis: CAO 2156</subfield>
        <subfield code="a">Titel im Index: In Nativitate Sancti Ioannis Bap.</subfield>
        <subfield code="a">S. Joannis Baptistae</subfield>
        <subfield code="a">D-Dl</subfield>
        <subfield code="a">Grimma 54</subfield>
        <subfield code="a">p. 85-88</subfield>
        <subfield code="a">Victoria, Tomás Luis de</subfield>
        <subfield code="a">Descendit Angelus Domini</subfield>
        <subfield code="a">V 1421 (1572)</subfield>
        <subfield code="a">Gardano (Söhne)</subfield>
        <subfield code="a">n. 22</subfield>
        <subfield code="a">Victoria, Tomás Luis de</subfield>
        <subfield code="a">Descendit Angelus Domini</subfield>
        <subfield code="a">V 1422 (1583)</subfield>
        <subfield code="a">Gardano, Alessandro</subfield>
        <subfield code="a">n. 27</subfield>
        <subfield code="a">Victoria, Tomás Luis de</subfield>
        <subfield code="a">Descendit Angelus Domini</subfield>
        <subfield code="a">V 1423 (1589)</subfield>
        <subfield code="a">Francesco und Erben Tini</subfield>
        <subfield code="a">n. 27</subfield>
        <subfield code="a">Victoria, Tomás Luis de</subfield>
        <subfield code="a">Descendit Angelus Domini</subfield>
        <subfield code="a">V 1424 (1589)</subfield>
        <subfield code="a">Mayer</subfield>
        <subfield code="a">n. 27</subfield>
        <subfield code="a">Victoria, Tomás Luis de</subfield>
        <subfield code="a">Descendit Angelus Domini</subfield>
        <subfield code="a">V 1425 (1609)</subfield>
        <subfield code="a">Gardano, Angelo</subfield>
        <subfield code="a">n. 27</subfield>
        <subfield code="a">Victoria, Tomás Luis de</subfield>
        <subfield code="a">Descendit Angelus Domini</subfield>
        <subfield code="a">V 1433 (=1585/kr)</subfield>
        <subfield code="a">Gardano, Alessandro (gedruckt bei Dominico Basa)</subfield>
        <subfield code="a">n. 17</subfield>
        <subfield code="a">Victoria, Tomás Luis de</subfield>
        <subfield code="a">Descendit Angelus Domini</subfield>
      </datafield>
      <datafield tag="657" ind1=" " ind2=" ">
        <subfield code="a">S. Joannis Baptistae</subfield>
      </datafield>
      <datafield tag="691" ind1=" " ind2=" ">
        <subfield code="a">Victoria OO</subfield>
        <subfield code="n">vol. 1,  p. 77-82</subfield>
        <subfield code="0"> p. 77-82</subfield>
      </datafield>
      <datafield tag="691" ind1=" " ind2=" ">
        <subfield code="a">Victoria MME</subfield>
        <subfield code="n">vol. 31,  p. 56-62.</subfield>
        <subfield code="0"> p. 56-62.</subfield>
      </datafield>
      <datafield tag="730" ind1=" " ind2=" ">
        <subfield code="a">Descendit angelus Domini ad Zachariam</subfield>
      </datafield>
      <datafield tag="730" ind1=" " ind2=" ">
        <subfield code="a">In Nativitate Sancti Ioannis Bap.</subfield>
      </datafield>
      <datafield tag="730" ind1=" " ind2=" ">
        <subfield code="a">Antiphon</subfield>
      </datafield>
      <datafield tag="773" ind1=" " ind2=" ">
        <subfield code="w">85700019</subfield>
      </datafield>
      <datafield tag="852" ind1=" " ind2=" ">
        <subfield code="a">V-CVbav</subfield>
        <subfield code="c">CS 169</subfield>
        <subfield code="z">Fondo Cappella Sistina</subfield>
      </datafield>
      <datafield tag="593" ind1=" " ind2=" ">
        <subfield code="a">Print</subfield>
        <subfield code="8">01</subfield>
      </datafield>
      <datafield tag="594" ind1=" " ind2=" ">
        <subfield code="b">S</subfield>
        <subfield code="c">2</subfield>
      </datafield>
      <datafield tag="594" ind1=" " ind2=" ">
        <subfield code="b">T</subfield>
        <subfield code="c">1</subfield>
      </datafield>
      <datafield tag="594" ind1=" " ind2=" ">
        <subfield code="b">A</subfield>
        <subfield code="c">1</subfield>
      </datafield>
      <datafield tag="594" ind1=" " ind2=" ">
        <subfield code="b">B</subfield>
        <subfield code="c">1</subfield>
      </datafield>
    </record>