
    <record>
      <leader>00000ncd a2200000 u 4500</leader>
      <controlfield tag="001">85701290</controlfield>
      <datafield tag="031" ind1=" " ind2=" ">
        <subfield code="a">1</subfield>
        <subfield code="b">1</subfield>
        <subfield code="c">1</subfield>
        <subfield code="d">O sacrum convivium</subfield>
        <subfield code="t">In festo Corporis Christi, paribus vocibus</subfield>
        <subfield code="m">SS3|S2A</subfield>
        <subfield code="q">composed by Victoria, Tomás Luis de</subfield>
      </datafield>
      <datafield tag="031" ind1=" " ind2=" ">
        <subfield code="a">1</subfield>
        <subfield code="b">2</subfield>
        <subfield code="c">1</subfield>
        <subfield code="d">O sacrum convivium</subfield>
        <subfield code="t">Secunda pars. Mens impletur gratia</subfield>
        <subfield code="m">SS3|S2A</subfield>
        <subfield code="q">composed by Victoria, Tomás Luis de</subfield>
      </datafield>
      <datafield tag="100" ind1=" " ind2=" ">
        <subfield code="a">Victoria, Tomás Luis de</subfield>
      </datafield>
      <datafield tag="240" ind1=" " ind2=" ">
        <subfield code="a">O sacrum convivium</subfield>
        <subfield code="m">V (4)</subfield>
      </datafield>
      <datafield tag="245" ind1=" " ind2=" ">
        <subfield code="a">In festo Corporis Christi</subfield>
      </datafield>
      <datafield tag="300" ind1=" " ind2=" ">
        <subfield code="a">Choirbook, fol. 74v-76r</subfield>
        <subfield code="8">01</subfield>
      </datafield>
      <datafield tag="500" ind1=" " ind2=" ">
        <subfield code="a"/>
        <subfield code="a">Textnachweis: CAO 4080b, AR, p. 535, AMi, p. 639, AMo p. 555, LU, p. 959</subfield>
        <subfield code="a">Titel im Index: In festo Corporis Christi</subfield>
        <subfield code="a">Ad expositionem et benedictionem SS. Sacramenti, In festo corporis Christi. In II. vesperis</subfield>
        <subfield code="a">V 1421 (1572)</subfield>
        <subfield code="a">Gardano (Söhne)</subfield>
        <subfield code="a">n. 29</subfield>
        <subfield code="a">Victoria, Tomás Luis de</subfield>
        <subfield code="a">O sacrum convivium</subfield>
        <subfield code="a">V 1422 (1583)</subfield>
        <subfield code="a">Gardano, Alessandro</subfield>
        <subfield code="a">n. 38</subfield>
        <subfield code="a">Victoria, Tomás Luis de</subfield>
        <subfield code="a">O sacrum convivium</subfield>
        <subfield code="a">V 1423 (1589)</subfield>
        <subfield code="a">Francesco und Erben Tini</subfield>
        <subfield code="a">n. 38</subfield>
        <subfield code="a">Victoria, Tomás Luis de</subfield>
        <subfield code="a">O sacrum convivium</subfield>
        <subfield code="a">V 1424 (1589)</subfield>
        <subfield code="a">Mayer</subfield>
        <subfield code="a">n. 38</subfield>
        <subfield code="a">Victoria, Tomás Luis de</subfield>
        <subfield code="a">O sacrum convivium</subfield>
        <subfield code="a">V 1425 (1609)</subfield>
        <subfield code="a">Gardano, Angelo</subfield>
        <subfield code="a">n. 36</subfield>
        <subfield code="a">Victoria, Tomás Luis de</subfield>
        <subfield code="a">O sacrum convivium</subfield>
        <subfield code="a">V 1427 (1576)</subfield>
        <subfield code="a">Gardano, Angelo</subfield>
        <subfield code="a">n. 21</subfield>
        <subfield code="a">Victoria, Tomás Luis de</subfield>
        <subfield code="a">O sacrum convivium</subfield>
        <subfield code="a">V 1433 (=1585/kr)</subfield>
        <subfield code="a">Gardano, Alessandro (gedruckt bei Dominico Basa)</subfield>
        <subfield code="a">n. 8</subfield>
        <subfield code="a">Victoria, Tomás Luis de</subfield>
        <subfield code="a">O sacrum convivium</subfield>
      </datafield>
      <datafield tag="657" ind1=" " ind2=" ">
        <subfield code="a">Ad expositionem et benedictionem SS. Sacramenti, In festo corporis Christi. In II. vesperis</subfield>
      </datafield>
      <datafield tag="691" ind1=" " ind2=" ">
        <subfield code="a">Victoria OO</subfield>
        <subfield code="n">vol. 1,  p. 34-36</subfield>
        <subfield code="0"> p. 34-36</subfield>
      </datafield>
      <datafield tag="691" ind1=" " ind2=" ">
        <subfield code="a">Victoria MME</subfield>
        <subfield code="n">vol. 26,  p. 8-11.</subfield>
        <subfield code="0"> p. 8-11.</subfield>
      </datafield>
      <datafield tag="730" ind1=" " ind2=" ">
        <subfield code="a">O sacrum convivium</subfield>
      </datafield>
      <datafield tag="730" ind1=" " ind2=" ">
        <subfield code="a">In festo Corporis Christi</subfield>
      </datafield>
      <datafield tag="730" ind1=" " ind2=" ">
        <subfield code="a">Antiphon</subfield>
      </datafield>
      <datafield tag="773" ind1=" " ind2=" ">
        <subfield code="w">85700019</subfield>
      </datafield>
      <datafield tag="852" ind1=" " ind2=" ">
        <subfield code="a">V-CVbav</subfield>
        <subfield code="c">CS 169</subfield>
        <subfield code="z">Fondo Cappella Sistina</subfield>
      </datafield>
      <datafield tag="593" ind1=" " ind2=" ">
        <subfield code="a">Print</subfield>
        <subfield code="8">01</subfield>
      </datafield>
      <datafield tag="594" ind1=" " ind2=" ">
        <subfield code="b">S</subfield>
        <subfield code="c">3</subfield>
      </datafield>
      <datafield tag="594" ind1=" " ind2=" ">
        <subfield code="b">A</subfield>
        <subfield code="c">1</subfield>
      </datafield>
    </record>