
    <record>
      <leader>00000ncd a2200000 u 4500</leader>
      <controlfield tag="001">85701299</controlfield>
      <datafield tag="031" ind1=" " ind2=" ">
        <subfield code="a">1</subfield>
        <subfield code="b">1</subfield>
        <subfield code="c">1</subfield>
        <subfield code="d">Ave Maria gratia plena</subfield>
        <subfield code="t">In Annuntiatione B. Virg. Mariae</subfield>
        <subfield code="m">SATB|S2A2T2B2</subfield>
        <subfield code="q">composed by Victoria, Tomás Luis de</subfield>
      </datafield>
      <datafield tag="100" ind1=" " ind2=" ">
        <subfield code="a">Victoria, Tomás Luis de</subfield>
      </datafield>
      <datafield tag="240" ind1=" " ind2=" ">
        <subfield code="a">Ave Maria gratia plena</subfield>
        <subfield code="m">V (8)</subfield>
      </datafield>
      <datafield tag="245" ind1=" " ind2=" ">
        <subfield code="a">In Annuntiatione B. V. Mariae</subfield>
      </datafield>
      <datafield tag="300" ind1=" " ind2=" ">
        <subfield code="a">Choirbook, fol. 85v-88r</subfield>
        <subfield code="8">01</subfield>
      </datafield>
      <datafield tag="500" ind1=" " ind2=" ">
        <subfield code="a"/>
        <subfield code="a">Textnachweis: AH 54, 337, RH 1878, CAO 1539, AR, p. 123*, LU, p. 1861</subfield>
        <subfield code="a">Titel im Index: In Annuntiatione B. V. Mariae</subfield>
        <subfield code="a">Dominica. Ad vesperas</subfield>
        <subfield code="a">V 1421 (1572)</subfield>
        <subfield code="a">Gardano (Söhne)</subfield>
        <subfield code="a">n. 33</subfield>
        <subfield code="a">Victoria, Tomás Luis de</subfield>
        <subfield code="a">Ave Maria</subfield>
        <subfield code="a">V 1422 (1583)</subfield>
        <subfield code="a">Gardano, Alessandro</subfield>
        <subfield code="a">n. 43</subfield>
        <subfield code="a">Victoria, Tomás Luis de</subfield>
        <subfield code="a">Ave Maria</subfield>
        <subfield code="a">V 1423 (1589)</subfield>
        <subfield code="a">Francesco und Erben Tini</subfield>
        <subfield code="a">n. 43</subfield>
        <subfield code="a">Victoria, Tomás Luis de</subfield>
        <subfield code="a">Ave Maria</subfield>
        <subfield code="a">V 1424 (1589)</subfield>
        <subfield code="a">Mayer</subfield>
        <subfield code="a">n. 43</subfield>
        <subfield code="a">Victoria, Tomás Luis de</subfield>
        <subfield code="a">Ave Maria</subfield>
        <subfield code="a">V 1425 (1609)</subfield>
        <subfield code="a">Gardano, Angelo</subfield>
        <subfield code="a">n. 43</subfield>
        <subfield code="a">Victoria, Tomás Luis de</subfield>
        <subfield code="a">Ave Maria</subfield>
        <subfield code="a">V 1427 (1576)</subfield>
        <subfield code="a">Gardano, Angelo</subfield>
        <subfield code="a">n. 25</subfield>
        <subfield code="a">Victoria, Tomás Luis de</subfield>
        <subfield code="a">Ave Maria</subfield>
        <subfield code="a">V 1433 (=1585/kr)</subfield>
        <subfield code="a">Gardano, Alessandro (gedruckt bei Dominico Basa)</subfield>
        <subfield code="a">n. 43</subfield>
        <subfield code="a">Victoria, Tomás Luis de</subfield>
        <subfield code="a">Ave Maria</subfield>
      </datafield>
      <datafield tag="657" ind1=" " ind2=" ">
        <subfield code="a">Dominica. Ad vesperas</subfield>
      </datafield>
      <datafield tag="691" ind1=" " ind2=" ">
        <subfield code="a">Victoria OO</subfield>
        <subfield code="n">vol. 1,  p. 146-152</subfield>
        <subfield code="0"> p. 146-152</subfield>
      </datafield>
      <datafield tag="691" ind1=" " ind2=" ">
        <subfield code="a">Victoria MME</subfield>
        <subfield code="n">vol. 26,  p. 118-133.</subfield>
        <subfield code="0"> p. 118-133.</subfield>
      </datafield>
      <datafield tag="730" ind1=" " ind2=" ">
        <subfield code="a">Ave Maria gratia plena</subfield>
      </datafield>
      <datafield tag="730" ind1=" " ind2=" ">
        <subfield code="a">In Annuntiatione B. V. Mariae</subfield>
      </datafield>
      <datafield tag="730" ind1=" " ind2=" ">
        <subfield code="a">Hymnus</subfield>
      </datafield>
      <datafield tag="773" ind1=" " ind2=" ">
        <subfield code="w">85700019</subfield>
      </datafield>
      <datafield tag="852" ind1=" " ind2=" ">
        <subfield code="a">V-CVbav</subfield>
        <subfield code="c">CS 169</subfield>
        <subfield code="z">Fondo Cappella Sistina</subfield>
      </datafield>
      <datafield tag="593" ind1=" " ind2=" ">
        <subfield code="a">Print</subfield>
        <subfield code="8">01</subfield>
      </datafield>
      <datafield tag="594" ind1=" " ind2=" ">
        <subfield code="b">S</subfield>
        <subfield code="c">2</subfield>
      </datafield>
      <datafield tag="594" ind1=" " ind2=" ">
        <subfield code="b">T</subfield>
        <subfield code="c">2</subfield>
      </datafield>
      <datafield tag="594" ind1=" " ind2=" ">
        <subfield code="b">A</subfield>
        <subfield code="c">2</subfield>
      </datafield>
      <datafield tag="594" ind1=" " ind2=" ">
        <subfield code="b">B</subfield>
        <subfield code="c">2</subfield>
      </datafield>
    </record>