
    <record>
      <leader>00000ncd a2200000 u 4500</leader>
      <controlfield tag="001">85701302</controlfield>
      <datafield tag="031" ind1=" " ind2=" ">
        <subfield code="a">1</subfield>
        <subfield code="b">1</subfield>
        <subfield code="c">1</subfield>
        <subfield code="d">Super flumina babilonis</subfield>
        <subfield code="t">In quadragesima</subfield>
        <subfield code="m">SS2AT|S3A2T2B2</subfield>
        <subfield code="q">composed by Victoria, Tomás Luis de</subfield>
      </datafield>
      <datafield tag="031" ind1=" " ind2=" ">
        <subfield code="a">1</subfield>
        <subfield code="b">2</subfield>
        <subfield code="c">1</subfield>
        <subfield code="d">Super flumina babilonis</subfield>
        <subfield code="t">Secunda pars. Quia illic interrogaverunt nos</subfield>
        <subfield code="m">SS2AT|S3A2T2B2</subfield>
        <subfield code="q">composed by Victoria, Tomás Luis de</subfield>
      </datafield>
      <datafield tag="100" ind1=" " ind2=" ">
        <subfield code="a">Victoria, Tomás Luis de</subfield>
      </datafield>
      <datafield tag="240" ind1=" " ind2=" ">
        <subfield code="a">Super flumina babilonis</subfield>
        <subfield code="m">V (8)</subfield>
      </datafield>
      <datafield tag="245" ind1=" " ind2=" ">
        <subfield code="a">In Quadragesima</subfield>
      </datafield>
      <datafield tag="300" ind1=" " ind2=" ">
        <subfield code="a">Choirbook, fol. 96v-100r</subfield>
        <subfield code="8">01</subfield>
      </datafield>
      <datafield tag="500" ind1=" " ind2=" ">
        <subfield code="a"/>
        <subfield code="a">Textnachweis: Ps 137 (136), GR, p. 326, AMi, p. 309, AMo, p. 146, LU, p. 297, 1065</subfield>
        <subfield code="a">Titel im Index: In Quadragesima</subfield>
        <subfield code="a">Dominica XX post Pentecosten. Feria V. Ad Vesperas</subfield>
        <subfield code="a">BAV</subfield>
        <subfield code="a">CS 29 (=29012)</subfield>
        <subfield code="a">70v-75r</subfield>
        <subfield code="a">Victoria, Tomás Luis de</subfield>
        <subfield code="a">Super flumina babilonis</subfield>
        <subfield code="a">V 1422 (1583)</subfield>
        <subfield code="a">Gardano, Alessandro</subfield>
        <subfield code="a">n. 52</subfield>
        <subfield code="a">Victoria, Tomás Luis de</subfield>
        <subfield code="a">Super flumina babilonis</subfield>
        <subfield code="a">V 1423 (1589)</subfield>
        <subfield code="a">Francesco und Erben Tini</subfield>
        <subfield code="a">n. 52</subfield>
        <subfield code="a">Victoria, Tomás Luis de</subfield>
        <subfield code="a">Super flumina babilonis</subfield>
        <subfield code="a">V 1424 (1589)</subfield>
        <subfield code="a">Mayer</subfield>
        <subfield code="a">n. 52</subfield>
        <subfield code="a">Victoria, Tomás Luis de</subfield>
        <subfield code="a">Super flumina babilonis</subfield>
        <subfield code="a">V 1425 (1609)</subfield>
        <subfield code="a">Gardano, Angelo</subfield>
        <subfield code="a">n. 52</subfield>
        <subfield code="a">Victoria, Tomás Luis de</subfield>
        <subfield code="a">Super flumina babilonis</subfield>
        <subfield code="a">V 1427 (1576)</subfield>
        <subfield code="a">Gardano, Angelo</subfield>
        <subfield code="a">n.16</subfield>
        <subfield code="a">Victoria, Tomás Luis de</subfield>
        <subfield code="a">Super flumina babilonis</subfield>
        <subfield code="a">V 1435 (1600)</subfield>
        <subfield code="a">Johannes Flandrus</subfield>
        <subfield code="a">fol. 72</subfield>
        <subfield code="a">Victoria, Tomás Luis de</subfield>
        <subfield code="a">Super flumina babilonis</subfield>
      </datafield>
      <datafield tag="657" ind1=" " ind2=" ">
        <subfield code="a">Dominica XX post Pentecosten. Feria V. Ad Vesperas</subfield>
      </datafield>
      <datafield tag="691" ind1=" " ind2=" ">
        <subfield code="a">Victoria OO</subfield>
        <subfield code="n">vol. 7,  p. 53-62</subfield>
        <subfield code="0"> p. 53-62</subfield>
      </datafield>
      <datafield tag="691" ind1=" " ind2=" ">
        <subfield code="a">Victoria MME</subfield>
        <subfield code="n">vol. 31,  p. 129-146.</subfield>
        <subfield code="0"> p. 129-146.</subfield>
      </datafield>
      <datafield tag="730" ind1=" " ind2=" ">
        <subfield code="a">Super flumina babilonis</subfield>
      </datafield>
      <datafield tag="730" ind1=" " ind2=" ">
        <subfield code="a">In Quadragesima</subfield>
      </datafield>
      <datafield tag="730" ind1=" " ind2=" ">
        <subfield code="a">Hymnus</subfield>
      </datafield>
      <datafield tag="773" ind1=" " ind2=" ">
        <subfield code="w">85700019</subfield>
      </datafield>
      <datafield tag="852" ind1=" " ind2=" ">
        <subfield code="a">V-CVbav</subfield>
        <subfield code="c">CS 169</subfield>
        <subfield code="z">Fondo Cappella Sistina</subfield>
      </datafield>
      <datafield tag="593" ind1=" " ind2=" ">
        <subfield code="a">Print</subfield>
        <subfield code="8">01</subfield>
      </datafield>
      <datafield tag="594" ind1=" " ind2=" ">
        <subfield code="b">S</subfield>
        <subfield code="c">3</subfield>
      </datafield>
      <datafield tag="594" ind1=" " ind2=" ">
        <subfield code="b">T</subfield>
        <subfield code="c">2</subfield>
      </datafield>
      <datafield tag="594" ind1=" " ind2=" ">
        <subfield code="b">A</subfield>
        <subfield code="c">2</subfield>
      </datafield>
      <datafield tag="594" ind1=" " ind2=" ">
        <subfield code="b">B</subfield>
        <subfield code="c">1</subfield>
      </datafield>
    </record>