
    <record>
      <leader>00000ncd a2200000 u 4500</leader>
      <controlfield tag="001">85701345</controlfield>
      <datafield tag="031" ind1=" " ind2=" ">
        <subfield code="a">1</subfield>
        <subfield code="b">1</subfield>
        <subfield code="c">1</subfield>
        <subfield code="d">O lux beata Trinitas</subfield>
        <subfield code="t">Et principalis unitas</subfield>
        <subfield code="m">V 4</subfield>
        <subfield code="q">composed by Palestrina, Giovanni Pierluigi da</subfield>
        <subfield code="q">Choralintonation</subfield>
      </datafield>
      <datafield tag="031" ind1=" " ind2=" ">
        <subfield code="a">1</subfield>
        <subfield code="b">2</subfield>
        <subfield code="c">1</subfield>
        <subfield code="d">O lux beata Trinitas</subfield>
        <subfield code="t">Deo Patri sit gloria</subfield>
        <subfield code="m">V 4</subfield>
        <subfield code="q">composed by Palestrina, Giovanni Pierluigi da</subfield>
      </datafield>
      <datafield tag="100" ind1=" " ind2=" ">
        <subfield code="a">Palestrina, Giovanni Pierluigi da</subfield>
      </datafield>
      <datafield tag="240" ind1=" " ind2=" ">
        <subfield code="a">O lux beata Trinitas</subfield>
        <subfield code="m">V (4)</subfield>
      </datafield>
      <datafield tag="245" ind1=" " ind2=" ">
        <subfield code="a">[without title]</subfield>
      </datafield>
      <datafield tag="300" ind1=" " ind2=" ">
        <subfield code="a">Choirbook, fol. 25</subfield>
        <subfield code="8">01</subfield>
      </datafield>
      <datafield tag="500" ind1=" " ind2=" ">
        <subfield code="a"/>
        <subfield code="a">Textnachweis: AH 27,72 und 51,38, RH 13150, CAO 8358, AMo, p. 533</subfield>
        <subfield code="a">Festum SS. Trinitas</subfield>
        <subfield code="a">Palestrina, Giovanni Pierluigi da</subfield>
        <subfield code="a">O lux beata Trinitas</subfield>
      </datafield>
      <datafield tag="657" ind1=" " ind2=" ">
        <subfield code="a">Festum SS. Trinitas</subfield>
      </datafield>
      <datafield tag="691" ind1=" " ind2=" ">
        <subfield code="a">Palestrina GA</subfield>
        <subfield code="n">vol. 8,  p. 27-29</subfield>
        <subfield code="0"> p. 27-29</subfield>
      </datafield>
      <datafield tag="691" ind1=" " ind2=" ">
        <subfield code="a">Palestrina OC</subfield>
        <subfield code="n">vol. 14,  p. 33-37.</subfield>
        <subfield code="0"> p. 33-37.</subfield>
      </datafield>
      <datafield tag="730" ind1=" " ind2=" ">
        <subfield code="a">O lux beata Trinitas</subfield>
      </datafield>
      <datafield tag="730" ind1=" " ind2=" ">
        <subfield code="a">Hymnus</subfield>
      </datafield>
      <datafield tag="773" ind1=" " ind2=" ">
        <subfield code="w">85700022</subfield>
      </datafield>
      <datafield tag="852" ind1=" " ind2=" ">
        <subfield code="a">V-CVbav</subfield>
        <subfield code="c">CS 174</subfield>
        <subfield code="z">Fondo Cappella Sistina</subfield>
      </datafield>
      <datafield tag="593" ind1=" " ind2=" ">
        <subfield code="a">Print</subfield>
        <subfield code="8">01</subfield>
      </datafield>
      <datafield tag="594" ind1=" " ind2=" ">
        <subfield code="b">V</subfield>
        <subfield code="c">4</subfield>
      </datafield>
    </record>