
    <record>
      <leader>00000ncd a2200000 u 4500</leader>
      <controlfield tag="001">85701394</controlfield>
      <datafield tag="100" ind1=" " ind2=" ">
        <subfield code="a">Palestrina, Giovanni Pierluigi da</subfield>
      </datafield>
      <datafield tag="240" ind1=" " ind2=" ">
        <subfield code="a">Christe Redemptor omnium conserva</subfield>
        <subfield code="m">V (X)</subfield>
      </datafield>
      <datafield tag="245" ind1=" " ind2=" ">
        <subfield code="a">[without title]</subfield>
      </datafield>
      <datafield tag="300" ind1=" " ind2=" ">
        <subfield code="a">Choirbook, fol. 88</subfield>
        <subfield code="8">01</subfield>
      </datafield>
      <datafield tag="500" ind1=" " ind2=" ">
        <subfield code="a"/>
        <subfield code="a">Textnachweis: AH 51,150, RH 2959, CAO 8276, AMo, p. 1186-1187</subfield>
        <subfield code="a">In festo Omnium Sanctorum</subfield>
        <subfield code="a">Palestrina, Giovanni Pierluigi da</subfield>
        <subfield code="a">Christe Redemptor omnium conserva</subfield>
      </datafield>
      <datafield tag="657" ind1=" " ind2=" ">
        <subfield code="a">In festo Omnium Sanctorum</subfield>
      </datafield>
      <datafield tag="691" ind1=" " ind2=" ">
        <subfield code="a">Palestrina GA</subfield>
        <subfield code="n">vol. 8,  p. 93-98</subfield>
        <subfield code="0"> p. 93-98</subfield>
      </datafield>
      <datafield tag="691" ind1=" " ind2=" ">
        <subfield code="a">Palestrina OC</subfield>
        <subfield code="n">vol. 14,  p. 123-129.</subfield>
        <subfield code="0"> p. 123-129.</subfield>
      </datafield>
      <datafield tag="730" ind1=" " ind2=" ">
        <subfield code="a">Christe Redemptor omnium conserva</subfield>
      </datafield>
      <datafield tag="730" ind1=" " ind2=" ">
        <subfield code="a">Hymnus</subfield>
      </datafield>
      <datafield tag="773" ind1=" " ind2=" ">
        <subfield code="w">85700022</subfield>
      </datafield>
      <datafield tag="852" ind1=" " ind2=" ">
        <subfield code="a">V-CVbav</subfield>
        <subfield code="c">CS 174</subfield>
        <subfield code="z">Fondo Cappella Sistina</subfield>
      </datafield>
      <datafield tag="593" ind1=" " ind2=" ">
        <subfield code="a">Print</subfield>
        <subfield code="8">01</subfield>
      </datafield>
    </record>