
    <record>
      <leader>00000ncd a2200000 u 4500</leader>
      <controlfield tag="001">85701484</controlfield>
      <datafield tag="100" ind1=" " ind2=" ">
        <subfield code="a">Morales, Cristóbal de</subfield>
      </datafield>
      <datafield tag="240" ind1=" " ind2=" ">
        <subfield code="a">Magnificat (sexti toni)</subfield>
        <subfield code="m">V (X)</subfield>
      </datafield>
      <datafield tag="245" ind1=" " ind2=" ">
        <subfield code="a">[without title]</subfield>
      </datafield>
      <datafield tag="300" ind1=" " ind2=" ">
        <subfield code="a">Choirbook, fol. 42</subfield>
        <subfield code="8">01</subfield>
      </datafield>
      <datafield tag="500" ind1=" " ind2=" ">
        <subfield code="a"/>
        <subfield code="a">Textnachweis: Magnificat (Lc 1,46-55), GR, p. [166], Amo, p. 129, 727</subfield>
        <subfield code="a">Komponist im Index: Morales</subfield>
        <subfield code="a">1542/9</subfield>
        <subfield code="a">Scotto</subfield>
        <subfield code="a">11ff.</subfield>
        <subfield code="a">"Morales"</subfield>
        <subfield code="a">Morales, Cristóbal de</subfield>
        <subfield code="a">Magnificat sexti toni</subfield>
        <subfield code="a">1544/4</subfield>
        <subfield code="a">Rhaw</subfield>
        <subfield code="a">13v-16r, 14v-17r, 13r-15r, 11v-14r</subfield>
        <subfield code="a">"Morales"</subfield>
        <subfield code="a">Morales, Cristóbal de</subfield>
        <subfield code="a">Magnificat sexti toni</subfield>
        <subfield code="a">1550/4</subfield>
        <subfield code="a">Moderne</subfield>
        <subfield code="a">21v-24r</subfield>
        <subfield code="a">"Morales"</subfield>
        <subfield code="a">Morales, Cristóbal de</subfield>
        <subfield code="a">Magnificat sexti toni</subfield>
        <subfield code="a">A-Wn</subfield>
        <subfield code="a">15500</subfield>
        <subfield code="a">83v-90r, 90v-97r</subfield>
        <subfield code="a">Anonymus</subfield>
        <subfield code="a">Morales, Cristóbal de</subfield>
        <subfield code="a">Magnificat sexti toni</subfield>
        <subfield code="a">A-Wn</subfield>
        <subfield code="a">15943</subfield>
        <subfield code="a">36v-45r</subfield>
        <subfield code="a">Anonymus</subfield>
        <subfield code="a">Morales, Cristóbal de</subfield>
        <subfield code="a">Magnificat sexti toni</subfield>
        <subfield code="a">A-Wn</subfield>
        <subfield code="a">19426</subfield>
        <subfield code="a">169v-177r</subfield>
        <subfield code="a">Anonymus</subfield>
        <subfield code="a">Morales, Cristóbal de</subfield>
        <subfield code="a">Magnificat sexti toni</subfield>
        <subfield code="a">BAV</subfield>
        <subfield code="a">CG VIII.39</subfield>
        <subfield code="a">"Morales"</subfield>
        <subfield code="a">Morales, Cristóbal de</subfield>
        <subfield code="a">Magnificat sexti toni</subfield>
        <subfield code="a">BAV</subfield>
        <subfield code="a">CS 307</subfield>
        <subfield code="a">13v-24r</subfield>
        <subfield code="a">Anonymus</subfield>
        <subfield code="a">Morales, Cristóbal de</subfield>
        <subfield code="a">Magnificat sexti toni</subfield>
        <subfield code="a">BAV</subfield>
        <subfield code="a">CS 61</subfield>
        <subfield code="a">1v-13r</subfield>
        <subfield code="a">"Morales"</subfield>
        <subfield code="a">Morales, Cristóbal de</subfield>
        <subfield code="a">Magnificat sexti toni</subfield>
        <subfield code="a">BAV</subfield>
        <subfield code="a">SM 36 (olim J. J. III. 14)</subfield>
        <subfield code="a">"Morales"</subfield>
        <subfield code="a">Morales, Cristóbal de</subfield>
        <subfield code="a">Magnificat sexti toni</subfield>
        <subfield code="a">D-As</subfield>
        <subfield code="a">24 [=Tonkunst Schletterer 20]</subfield>
        <subfield code="a">"Morales"</subfield>
        <subfield code="a">Morales, Cristóbal de</subfield>
        <subfield code="a">Magnificat sexti toni</subfield>
        <subfield code="a">D-Dl</subfield>
        <subfield code="a">Da.2a (Zelenka)</subfield>
        <subfield code="a">"Morales"</subfield>
        <subfield code="a">Morales, Cristóbal de</subfield>
        <subfield code="a">Magnificat sexti toni</subfield>
        <subfield code="a">E-GU</subfield>
        <subfield code="a">Cod. C</subfield>
        <subfield code="a">"Morales"</subfield>
        <subfield code="a">Morales, Cristóbal de</subfield>
        <subfield code="a">Magnificat sexti toni</subfield>
        <subfield code="a">E-Mmc (Mservera)</subfield>
        <subfield code="a">13230</subfield>
        <subfield code="a">45v-49r</subfield>
        <subfield code="a">nur unger. Verse, "Morales"</subfield>
        <subfield code="a">Morales, Cristóbal de</subfield>
        <subfield code="a">Magnificat sexti toni</subfield>
        <subfield code="a">E-Mmc (Mservera)</subfield>
        <subfield code="a">R. 6832 (olim 607)</subfield>
        <subfield code="a">"Morales"</subfield>
        <subfield code="a">Morales, Cristóbal de</subfield>
        <subfield code="a">Magnificat sexti toni</subfield>
        <subfield code="a">E-Tc</subfield>
        <subfield code="a">34</subfield>
        <subfield code="a">"Morales"</subfield>
        <subfield code="a">Morales, Cristóbal de</subfield>
        <subfield code="a">Magnificat sexti toni</subfield>
        <subfield code="a">I-Fd</subfield>
        <subfield code="a">27</subfield>
        <subfield code="a">51v-58r</subfield>
        <subfield code="a">nur ger. Verse, "Morales"</subfield>
        <subfield code="a">Morales, Cristóbal de</subfield>
        <subfield code="a">Magnificat sexti toni</subfield>
        <subfield code="a">I-LT</subfield>
        <subfield code="a">45</subfield>
        <subfield code="a">"Morales"</subfield>
        <subfield code="a">Morales, Cristóbal de</subfield>
        <subfield code="a">Magnificat sexti toni</subfield>
        <subfield code="a">I-LT</subfield>
        <subfield code="a">46</subfield>
        <subfield code="a">"Morales"</subfield>
        <subfield code="a">Morales, Cristóbal de</subfield>
        <subfield code="a">Magnificat sexti toni</subfield>
        <subfield code="a">I-TVd</subfield>
        <subfield code="a">18</subfield>
        <subfield code="a">"Morales"</subfield>
        <subfield code="a">Morales, Cristóbal de</subfield>
        <subfield code="a">Magnificat sexti toni</subfield>
        <subfield code="a">M3594 (1545)</subfield>
        <subfield code="a">Gardane</subfield>
        <subfield code="a">d</subfield>
        <subfield code="a">Morales, Cristóbal de</subfield>
        <subfield code="a">Magnificat sexti toni</subfield>
        <subfield code="a">M3596 (1559)</subfield>
        <subfield code="a">Gardano (Reprint M3594)</subfield>
        <subfield code="a">"Morales"</subfield>
        <subfield code="a">Morales, Cristóbal de</subfield>
        <subfield code="a">Magnificat sexti toni</subfield>
        <subfield code="a">M3597 (=1562/01)</subfield>
        <subfield code="a">Gardano</subfield>
        <subfield code="a">"Morales"</subfield>
        <subfield code="a">Morales, Cristóbal de</subfield>
        <subfield code="a">Magnificat sexti toni</subfield>
        <subfield code="a">M3598 (1563)</subfield>
        <subfield code="a">Rampazetto (Reprint M3594)</subfield>
        <subfield code="a">"Morales"</subfield>
        <subfield code="a">Morales, Cristóbal de</subfield>
        <subfield code="a">Magnificat sexti toni</subfield>
        <subfield code="a">M3599 (1568)</subfield>
        <subfield code="a">Correggio (Reprint M3594)</subfield>
        <subfield code="a">"Morales"</subfield>
        <subfield code="a">Morales, Cristóbal de</subfield>
        <subfield code="a">Magnificat sexti toni</subfield>
        <subfield code="a">M3600 (1575)</subfield>
        <subfield code="a">Gardano (Reprint M3594)</subfield>
        <subfield code="a">Morales, Cristóbal de</subfield>
        <subfield code="a">Magnificat sexti toni</subfield>
        <subfield code="a">M3601 (1583)</subfield>
        <subfield code="a">Gardano (Reprint M3594)</subfield>
        <subfield code="a">"Morales"</subfield>
        <subfield code="a">Morales, Cristóbal de</subfield>
        <subfield code="a">Magnificat sexti toni</subfield>
        <subfield code="a">M3603 (1614)</subfield>
        <subfield code="a">Magni (Reprint M3594)</subfield>
        <subfield code="a">"Morales"</subfield>
        <subfield code="a">Morales, Cristóbal de</subfield>
        <subfield code="a">Magnificat sexti toni</subfield>
        <subfield code="a">Mex-P</subfield>
        <subfield code="a">2</subfield>
        <subfield code="a">"Morales"</subfield>
        <subfield code="a">Morales, Cristóbal de</subfield>
        <subfield code="a">Magnificat sexti toni</subfield>
        <subfield code="a">US-NYhsa</subfield>
        <subfield code="a">1</subfield>
        <subfield code="a">"Morales"</subfield>
        <subfield code="a">Morales, Cristóbal de</subfield>
        <subfield code="a">Magnificat sexti toni</subfield>
        <subfield code="a">US-NYhsa</subfield>
        <subfield code="a">2</subfield>
        <subfield code="a">"Morales"</subfield>
        <subfield code="a">Morales, Cristóbal de</subfield>
        <subfield code="a">Magnificat sexti toni</subfield>
        <subfield code="a">Morales</subfield>
      </datafield>
      <datafield tag="691" ind1=" " ind2=" ">
        <subfield code="a">Morales OO</subfield>
        <subfield code="n">vol. 4,  p. 84-99.</subfield>
        <subfield code="0"> p. 84-99.</subfield>
      </datafield>
      <datafield tag="730" ind1=" " ind2=" ">
        <subfield code="a">Magnificat (sexti toni)</subfield>
      </datafield>
      <datafield tag="730" ind1=" " ind2=" ">
        <subfield code="a">Magnificat</subfield>
      </datafield>
      <datafield tag="773" ind1=" " ind2=" ">
        <subfield code="w">85700026</subfield>
      </datafield>
      <datafield tag="852" ind1=" " ind2=" ">
        <subfield code="a">V-CVbav</subfield>
        <subfield code="c">CS 178</subfield>
        <subfield code="z">Fondo Cappella Sistina</subfield>
      </datafield>
      <datafield tag="593" ind1=" " ind2=" ">
        <subfield code="a">Print</subfield>
        <subfield code="8">01</subfield>
      </datafield>
    </record>