
    <record>
      <leader>00000ncd a2200000 u 4500</leader>
      <controlfield tag="001">85701488</controlfield>
      <datafield tag="100" ind1=" " ind2=" ">
        <subfield code="a">Jacquet (???)</subfield>
      </datafield>
      <datafield tag="240" ind1=" " ind2=" ">
        <subfield code="a">Magnificat (quarti toni)</subfield>
        <subfield code="m">V (X)</subfield>
      </datafield>
      <datafield tag="245" ind1=" " ind2=" ">
        <subfield code="a">[without title]</subfield>
      </datafield>
      <datafield tag="300" ind1=" " ind2=" ">
        <subfield code="a">Choirbook, fol. 54</subfield>
        <subfield code="8">01</subfield>
      </datafield>
      <datafield tag="500" ind1=" " ind2=" ">
        <subfield code="a"/>
        <subfield code="a">Textnachweis: Magnificat (Lc 1,46-55), GR, p. [166], Amo, p. 129, 727</subfield>
        <subfield code="a">Komponist im Index: Iachet</subfield>
        <subfield code="a">BAV</subfield>
        <subfield code="a">CS 61</subfield>
        <subfield code="a">29v-42r</subfield>
        <subfield code="a">"Morales"</subfield>
        <subfield code="a">Jacquet (???)</subfield>
        <subfield code="a">Magnificat (quarti toni)</subfield>
        <subfield code="a">I-LT</subfield>
        <subfield code="a">46</subfield>
        <subfield code="a">104</subfield>
        <subfield code="a">Jacquet (???)</subfield>
        <subfield code="a">Magnificat (quarti toni)</subfield>
        <subfield code="a">Iachet</subfield>
      </datafield>
      <datafield tag="730" ind1=" " ind2=" ">
        <subfield code="a">Magnificat (quarti toni)</subfield>
      </datafield>
      <datafield tag="730" ind1=" " ind2=" ">
        <subfield code="a">Magnificat</subfield>
      </datafield>
      <datafield tag="773" ind1=" " ind2=" ">
        <subfield code="w">85700026</subfield>
      </datafield>
      <datafield tag="852" ind1=" " ind2=" ">
        <subfield code="a">V-CVbav</subfield>
        <subfield code="c">CS 178</subfield>
        <subfield code="z">Fondo Cappella Sistina</subfield>
      </datafield>
      <datafield tag="593" ind1=" " ind2=" ">
        <subfield code="a">Print</subfield>
        <subfield code="8">01</subfield>
      </datafield>
    </record>