
    <record>
      <leader>00000ncd a2200000 u 4500</leader>
      <controlfield tag="001">85701497</controlfield>
      <datafield tag="031" ind1=" " ind2=" ">
        <subfield code="a">1</subfield>
        <subfield code="b">1</subfield>
        <subfield code="c">1</subfield>
        <subfield code="d">Missa Mille regretz</subfield>
        <subfield code="t">Kyrie</subfield>
        <subfield code="m">V 6</subfield>
        <subfield code="q">composed by Morales, Cristóbal de</subfield>
      </datafield>
      <datafield tag="031" ind1=" " ind2=" ">
        <subfield code="a">1</subfield>
        <subfield code="b">2</subfield>
        <subfield code="c">1</subfield>
        <subfield code="d">Missa Mille regretz</subfield>
        <subfield code="t">[Gloria] Et in terra</subfield>
        <subfield code="m">V 6</subfield>
        <subfield code="q">composed by Morales, Cristóbal de</subfield>
      </datafield>
      <datafield tag="031" ind1=" " ind2=" ">
        <subfield code="a">1</subfield>
        <subfield code="b">3</subfield>
        <subfield code="c">1</subfield>
        <subfield code="d">Missa Mille regretz</subfield>
        <subfield code="t">[Credo] Patrem</subfield>
        <subfield code="m">V 6</subfield>
        <subfield code="q">composed by Morales, Cristóbal de</subfield>
      </datafield>
      <datafield tag="031" ind1=" " ind2=" ">
        <subfield code="a">1</subfield>
        <subfield code="b">4</subfield>
        <subfield code="c">1</subfield>
        <subfield code="d">Missa Mille regretz</subfield>
        <subfield code="t">Sanctus</subfield>
        <subfield code="m">V 6</subfield>
        <subfield code="q">composed by Morales, Cristóbal de</subfield>
      </datafield>
      <datafield tag="031" ind1=" " ind2=" ">
        <subfield code="a">1</subfield>
        <subfield code="b">5</subfield>
        <subfield code="c">1</subfield>
        <subfield code="d">Missa Mille regretz</subfield>
        <subfield code="t">Agnus Dei</subfield>
        <subfield code="m">V 6</subfield>
        <subfield code="q">composed by Morales, Cristóbal de</subfield>
      </datafield>
      <datafield tag="100" ind1=" " ind2=" ">
        <subfield code="a">Morales, Cristóbal de</subfield>
      </datafield>
      <datafield tag="240" ind1=" " ind2=" ">
        <subfield code="a">Missa Mille regretz</subfield>
        <subfield code="m">V (6)</subfield>
      </datafield>
      <datafield tag="245" ind1=" " ind2=" ">
        <subfield code="a">[without title]</subfield>
      </datafield>
      <datafield tag="300" ind1=" " ind2=" ">
        <subfield code="a">Choirbook, fol. 106</subfield>
        <subfield code="8">01</subfield>
      </datafield>
      <datafield tag="500" ind1=" " ind2=" ">
        <subfield code="a"/>
        <subfield code="a">Textnachweis: Ordinarium missae</subfield>
        <subfield code="a">?</subfield>
        <subfield code="a">Moderne</subfield>
        <subfield code="a">104v-126r.</subfield>
        <subfield code="a">Morales, Cristóbal de</subfield>
        <subfield code="a">Missa Mille regretz</subfield>
        <subfield code="a">BAV</subfield>
        <subfield code="a">Barb.lat.4183</subfield>
        <subfield code="a">155v-178r</subfield>
        <subfield code="a">"Christphori Morales"</subfield>
        <subfield code="a">Morales, Cristóbal de</subfield>
        <subfield code="a">Missa Mille regretz</subfield>
        <subfield code="a">D-B</subfield>
        <subfield code="a">40012</subfield>
        <subfield code="a">p. 54-105</subfield>
        <subfield code="a">Morales, Cristóbal de</subfield>
        <subfield code="a">Missa Mille regretz</subfield>
        <subfield code="a">E-Bcentral</subfield>
        <subfield code="a">859</subfield>
        <subfield code="a">32r-54r</subfield>
        <subfield code="a">Morales, Cristóbal de</subfield>
        <subfield code="a">Missa Mille regretz</subfield>
        <subfield code="a">E-Boc</subfield>
        <subfield code="a">6</subfield>
        <subfield code="a">62v-82r</subfield>
        <subfield code="a">"Christoforus Morales"</subfield>
        <subfield code="a">Morales, Cristóbal de</subfield>
        <subfield code="a">Missa Mille regretz</subfield>
        <subfield code="a">E-E</subfield>
        <subfield code="a">Libros de facistol 4</subfield>
        <subfield code="a">Morales, Cristóbal de</subfield>
        <subfield code="a">Missa Mille regretz</subfield>
        <subfield code="a">E-Mmc (Mservera)</subfield>
        <subfield code="a">R. 6832 (olim 607)</subfield>
        <subfield code="a">450-481</subfield>
        <subfield code="a">Morales, Cristóbal de</subfield>
        <subfield code="a">Missa Mille regretz</subfield>
        <subfield code="a">E-Tc</subfield>
        <subfield code="a">28</subfield>
        <subfield code="a">98v-127r</subfield>
        <subfield code="a">Morales, Cristóbal de</subfield>
        <subfield code="a">Missa Mille regretz</subfield>
        <subfield code="a">M3580 (1544)</subfield>
        <subfield code="a">Dorico</subfield>
        <subfield code="a">105v-127r</subfield>
        <subfield code="a">Morales, Cristóbal de</subfield>
        <subfield code="a">Missa Mille regretz</subfield>
        <subfield code="a">M3581 (1546)</subfield>
        <subfield code="a">Moderne</subfield>
        <subfield code="a">104v-126r</subfield>
        <subfield code="a">Morales, Cristóbal de</subfield>
        <subfield code="a">Missa Mille regretz</subfield>
      </datafield>
      <datafield tag="691" ind1=" " ind2=" ">
        <subfield code="a">Morales OO</subfield>
        <subfield code="n">vol. 1,  p. 238-273.</subfield>
        <subfield code="0"> p. 238-273.</subfield>
      </datafield>
      <datafield tag="730" ind1=" " ind2=" ">
        <subfield code="a">Missa Mille regretz</subfield>
      </datafield>
      <datafield tag="730" ind1=" " ind2=" ">
        <subfield code="a">Messe</subfield>
      </datafield>
      <datafield tag="773" ind1=" " ind2=" ">
        <subfield code="w">85700027</subfield>
      </datafield>
      <datafield tag="852" ind1=" " ind2=" ">
        <subfield code="a">V-CVbav</subfield>
        <subfield code="c">CS 179</subfield>
        <subfield code="z">Fondo Cappella Sistina</subfield>
      </datafield>
      <datafield tag="593" ind1=" " ind2=" ">
        <subfield code="a">Print</subfield>
        <subfield code="8">01</subfield>
      </datafield>
      <datafield tag="594" ind1=" " ind2=" ">
        <subfield code="b">V</subfield>
        <subfield code="c">6</subfield>
      </datafield>
    </record>