
    <record>
      <leader>00000ncd a2200000 u 4500</leader>
      <controlfield tag="001">85701501</controlfield>
      <datafield tag="031" ind1=" " ind2=" ">
        <subfield code="a">1</subfield>
        <subfield code="b">1</subfield>
        <subfield code="c">1</subfield>
        <subfield code="d">Missa Ave maria</subfield>
        <subfield code="t">Kyrie</subfield>
        <subfield code="m">V 4</subfield>
        <subfield code="q">composed by Morales, Cristóbal de</subfield>
      </datafield>
      <datafield tag="031" ind1=" " ind2=" ">
        <subfield code="a">1</subfield>
        <subfield code="b">2</subfield>
        <subfield code="c">1</subfield>
        <subfield code="d">Missa Ave maria</subfield>
        <subfield code="t">[Gloria] Et in terra</subfield>
        <subfield code="m">V 4</subfield>
        <subfield code="q">composed by Morales, Cristóbal de</subfield>
      </datafield>
      <datafield tag="031" ind1=" " ind2=" ">
        <subfield code="a">1</subfield>
        <subfield code="b">3</subfield>
        <subfield code="c">1</subfield>
        <subfield code="d">Missa Ave maria</subfield>
        <subfield code="t">[Credo] Patrem</subfield>
        <subfield code="m">V 4</subfield>
        <subfield code="q">composed by Morales, Cristóbal de</subfield>
      </datafield>
      <datafield tag="031" ind1=" " ind2=" ">
        <subfield code="a">1</subfield>
        <subfield code="b">4</subfield>
        <subfield code="c">1</subfield>
        <subfield code="d">Missa Ave maria</subfield>
        <subfield code="t">Sanctus</subfield>
        <subfield code="m">V 4</subfield>
        <subfield code="q">composed by Morales, Cristóbal de</subfield>
      </datafield>
      <datafield tag="031" ind1=" " ind2=" ">
        <subfield code="a">1</subfield>
        <subfield code="b">5</subfield>
        <subfield code="c">1</subfield>
        <subfield code="d">Missa Ave maria</subfield>
        <subfield code="t">Agnus Dei</subfield>
        <subfield code="m">V 4</subfield>
        <subfield code="q">composed by Morales, Cristóbal de</subfield>
      </datafield>
      <datafield tag="100" ind1=" " ind2=" ">
        <subfield code="a">Morales, Cristóbal de</subfield>
      </datafield>
      <datafield tag="240" ind1=" " ind2=" ">
        <subfield code="a">Missa Ave Maria</subfield>
        <subfield code="m">V (4)</subfield>
      </datafield>
      <datafield tag="245" ind1=" " ind2=" ">
        <subfield code="a">[without title]</subfield>
      </datafield>
      <datafield tag="300" ind1=" " ind2=" ">
        <subfield code="a">Choirbook, fol. 37</subfield>
        <subfield code="8">01</subfield>
      </datafield>
      <datafield tag="500" ind1=" " ind2=" ">
        <subfield code="a"/>
        <subfield code="a">Textnachweis: Ordinarium missae</subfield>
        <subfield code="a">1542/03</subfield>
        <subfield code="a">Scotto</subfield>
        <subfield code="a">Morales, Cristóbal de</subfield>
        <subfield code="a">Missa Ave Maria</subfield>
        <subfield code="a">E-Mmc (Mservera)</subfield>
        <subfield code="a">R. 6832 (olim 607)</subfield>
        <subfield code="a">626-649</subfield>
        <subfield code="a">Morales, Cristóbal de</subfield>
        <subfield code="a">Missa Ave Maria</subfield>
        <subfield code="a">M3577 (1542)</subfield>
        <subfield code="a">Scotto</subfield>
        <subfield code="a">1r-6r</subfield>
        <subfield code="a">Morales, Cristóbal de</subfield>
        <subfield code="a">Missa Ave Maria</subfield>
        <subfield code="a">M3581 (1546)</subfield>
        <subfield code="a">Moderne</subfield>
        <subfield code="a">36v-53r</subfield>
        <subfield code="a">Morales, Cristóbal de</subfield>
        <subfield code="a">Missa Ave Maria</subfield>
        <subfield code="a">M3582 (1544)</subfield>
        <subfield code="a">Dorico</subfield>
        <subfield code="a">36v-53r</subfield>
        <subfield code="a">Morales, Cristóbal de</subfield>
        <subfield code="a">Missa Ave Maria</subfield>
        <subfield code="a">M3588 (=1544/03)</subfield>
        <subfield code="a">Gardane</subfield>
        <subfield code="a">1r-9r</subfield>
        <subfield code="a">Morales, Cristóbal de</subfield>
        <subfield code="a">Missa Ave Maria</subfield>
        <subfield code="a">M3591 (1580)</subfield>
        <subfield code="a">Gardano</subfield>
        <subfield code="a">30r-38r</subfield>
        <subfield code="a">Morales, Cristóbal de</subfield>
        <subfield code="a">Missa Ave Maria</subfield>
      </datafield>
      <datafield tag="691" ind1=" " ind2=" ">
        <subfield code="a">Morales OO</subfield>
        <subfield code="n">vol. 3,  p. 32-65.</subfield>
        <subfield code="0"> p. 32-65.</subfield>
      </datafield>
      <datafield tag="730" ind1=" " ind2=" ">
        <subfield code="a">Missa Ave Maria</subfield>
      </datafield>
      <datafield tag="730" ind1=" " ind2=" ">
        <subfield code="a">Messe</subfield>
      </datafield>
      <datafield tag="773" ind1=" " ind2=" ">
        <subfield code="w">85700028</subfield>
      </datafield>
      <datafield tag="852" ind1=" " ind2=" ">
        <subfield code="a">V-CVbav</subfield>
        <subfield code="c">CS 180</subfield>
        <subfield code="z">Fondo Cappella Sistina</subfield>
      </datafield>
      <datafield tag="593" ind1=" " ind2=" ">
        <subfield code="a">Print</subfield>
        <subfield code="8">01</subfield>
      </datafield>
      <datafield tag="594" ind1=" " ind2=" ">
        <subfield code="b">V</subfield>
        <subfield code="c">4</subfield>
      </datafield>
    </record>