
    <record>
      <leader>00000ncd a2200000 u 4500</leader>
      <controlfield tag="001">85701506</controlfield>
      <datafield tag="031" ind1=" " ind2=" ">
        <subfield code="a">1</subfield>
        <subfield code="b">1</subfield>
        <subfield code="c">1</subfield>
        <subfield code="d">Missa pro defunctis</subfield>
        <subfield code="t">Kyrie</subfield>
        <subfield code="m">V 5</subfield>
        <subfield code="q">composed by Morales, Cristóbal de</subfield>
      </datafield>
      <datafield tag="031" ind1=" " ind2=" ">
        <subfield code="a">1</subfield>
        <subfield code="b">2</subfield>
        <subfield code="c">1</subfield>
        <subfield code="d">Missa pro defunctis</subfield>
        <subfield code="t">[Gloria] Et in terra</subfield>
        <subfield code="m">V 5</subfield>
        <subfield code="q">composed by Morales, Cristóbal de</subfield>
      </datafield>
      <datafield tag="031" ind1=" " ind2=" ">
        <subfield code="a">1</subfield>
        <subfield code="b">3</subfield>
        <subfield code="c">1</subfield>
        <subfield code="d">Missa pro defunctis</subfield>
        <subfield code="t">[Credo] Patrem</subfield>
        <subfield code="m">V 5</subfield>
        <subfield code="q">composed by Morales, Cristóbal de</subfield>
      </datafield>
      <datafield tag="031" ind1=" " ind2=" ">
        <subfield code="a">1</subfield>
        <subfield code="b">4</subfield>
        <subfield code="c">1</subfield>
        <subfield code="d">Missa pro defunctis</subfield>
        <subfield code="t">Sanctus</subfield>
        <subfield code="m">V 5</subfield>
        <subfield code="q">composed by Morales, Cristóbal de</subfield>
      </datafield>
      <datafield tag="031" ind1=" " ind2=" ">
        <subfield code="a">1</subfield>
        <subfield code="b">5</subfield>
        <subfield code="c">1</subfield>
        <subfield code="d">Missa pro defunctis</subfield>
        <subfield code="t">Agnus Dei</subfield>
        <subfield code="m">V 5</subfield>
        <subfield code="q">composed by Morales, Cristóbal de</subfield>
      </datafield>
      <datafield tag="100" ind1=" " ind2=" ">
        <subfield code="a">Morales, Cristóbal de</subfield>
      </datafield>
      <datafield tag="240" ind1=" " ind2=" ">
        <subfield code="a">Missa pro defunctis</subfield>
        <subfield code="m">V (5)</subfield>
      </datafield>
      <datafield tag="245" ind1=" " ind2=" ">
        <subfield code="a">[without title]</subfield>
      </datafield>
      <datafield tag="300" ind1=" " ind2=" ">
        <subfield code="a">Choirbook, fol. 126</subfield>
        <subfield code="8">01</subfield>
      </datafield>
      <datafield tag="500" ind1=" " ind2=" ">
        <subfield code="a"/>
        <subfield code="a">Textnachweis: Ordinarium pro defunctis</subfield>
        <subfield code="a">BAV</subfield>
        <subfield code="a">Barb.lat.4183</subfield>
        <subfield code="a">131r-155r</subfield>
        <subfield code="a">"Christophorus Morales"</subfield>
        <subfield code="a">Morales, Cristóbal de</subfield>
        <subfield code="a">Missa pro defunctis</subfield>
        <subfield code="a">D-Mbs</subfield>
        <subfield code="a">44/4</subfield>
        <subfield code="a">233ss</subfield>
        <subfield code="a">Morales, Cristóbal de</subfield>
        <subfield code="a">Missa pro defunctis</subfield>
        <subfield code="a">E-MA</subfield>
        <subfield code="a">11</subfield>
        <subfield code="a">10v-22r</subfield>
        <subfield code="a">Morales, Cristóbal de</subfield>
        <subfield code="a">Missa pro defunctis</subfield>
        <subfield code="a">E-Mmc (Mservera)</subfield>
        <subfield code="a">R. 6832 (olim 607)</subfield>
        <subfield code="a">508-531</subfield>
        <subfield code="a">Morales, Cristóbal de</subfield>
        <subfield code="a">Missa pro defunctis</subfield>
        <subfield code="a">E-Tc</subfield>
        <subfield code="a">21</subfield>
        <subfield code="a">97v-118r</subfield>
        <subfield code="a">Morales, Cristóbal de</subfield>
        <subfield code="a">Missa pro defunctis</subfield>
        <subfield code="a">M2581</subfield>
        <subfield code="a">Moderne</subfield>
        <subfield code="a">125v-138r</subfield>
        <subfield code="a">Morales, Cristóbal de</subfield>
        <subfield code="a">Missa pro defunctis</subfield>
        <subfield code="a">M2582</subfield>
        <subfield code="a">Dorico</subfield>
        <subfield code="a">125v-138r</subfield>
        <subfield code="a">Morales, Cristóbal de</subfield>
        <subfield code="a">Missa pro defunctis</subfield>
      </datafield>
      <datafield tag="691" ind1=" " ind2=" ">
        <subfield code="a">Morales OO</subfield>
        <subfield code="n">vol. 3,  p. 114-153.</subfield>
        <subfield code="0"> p. 114-153.</subfield>
      </datafield>
      <datafield tag="730" ind1=" " ind2=" ">
        <subfield code="a">Missa pro defunctis</subfield>
      </datafield>
      <datafield tag="730" ind1=" " ind2=" ">
        <subfield code="a">Requiem</subfield>
      </datafield>
      <datafield tag="773" ind1=" " ind2=" ">
        <subfield code="w">85700028</subfield>
      </datafield>
      <datafield tag="852" ind1=" " ind2=" ">
        <subfield code="a">V-CVbav</subfield>
        <subfield code="c">CS 180</subfield>
        <subfield code="z">Fondo Cappella Sistina</subfield>
      </datafield>
      <datafield tag="593" ind1=" " ind2=" ">
        <subfield code="a">Print</subfield>
        <subfield code="8">01</subfield>
      </datafield>
      <datafield tag="594" ind1=" " ind2=" ">
        <subfield code="b">V</subfield>
        <subfield code="c">5</subfield>
      </datafield>
    </record>