
  <content/>
  <record>
    <leader>00000ncc a2200000 u 4500</leader>
    <controlfield tag="001">85700035</controlfield>
    <datafield tag="041" ind1=" " ind2=" ">
      <subfield code="a">lat</subfield>
    </datafield>
    <datafield tag="130" ind1=" " ind2=" ">
      <subfield code="a">Masses</subfield>
    </datafield>
    <datafield tag="245" ind1=" " ind2=" ">
      <subfield code="a">[without title]</subfield>
    </datafield>
    <datafield tag="260" ind1=" " ind2=" ">
      <subfield code="a">[s.l.]</subfield>
      <subfield code="b">Roma: Alessandro Gardano</subfield>
      <subfield code="c">1591</subfield>
      <subfield code="8">01</subfield>
    </datafield>
    <datafield tag="300" ind1=" " ind2=" ">
      <subfield code="a">1 choirbook: 102f.</subfield>
      <subfield code="b">Papier</subfield>
      <subfield code="c">450x300</subfield>
      <subfield code="8">01</subfield>
    </datafield>
    <datafield tag="500" ind1=" " ind2=" ">
      <subfield code="a"/>
    </datafield>
    <datafield tag="593" ind1=" " ind2=" ">
      <subfield code="a">Print</subfield>
      <subfield code="8">01</subfield>
    </datafield>
    <datafield tag="650" ind1=" " ind2=" ">
      <subfield code="a">Masses</subfield>
    </datafield>
    <datafield tag="691" ind1=" " ind2=" ">
      <subfield code="a">HaberlV 1888</subfield>
      <subfield code="n">p. 50</subfield>
      <subfield code="0">3122</subfield>
    </datafield>
    <datafield tag="691" ind1=" " ind2=" ">
      <subfield code="a">LlorensS 1960</subfield>
      <subfield code="n">p. 217</subfield>
      <subfield code="0">144</subfield>
    </datafield>
    <datafield tag="691" ind1=" " ind2=" ">
      <subfield code="a">PanuzziL 1687</subfield>
      <subfield code="n">142</subfield>
      <subfield code="0">41001975</subfield>
    </datafield>
    <datafield tag="691" ind1=" " ind2=" ">
      <subfield code="a">CeliL 1753</subfield>
      <subfield code="n">A131</subfield>
      <subfield code="0">41001973</subfield>
    </datafield>
    <datafield tag="691" ind1=" " ind2=" ">
      <subfield code="a">StoraceP 1813</subfield>
      <subfield code="n">A131</subfield>
      <subfield code="0">41001976</subfield>
    </datafield>
    <datafield tag="691" ind1=" " ind2=" ">
      <subfield code="a">SalvatiL 1863</subfield>
      <subfield code="n">202</subfield>
      <subfield code="0">41001978</subfield>
    </datafield>
    <datafield tag="700" ind1=" " ind2=" ">
      <subfield code="a"/>
      <subfield code="4">oth</subfield>
    </datafield>
    <datafield tag="700" ind1=" " ind2=" ">
      <subfield code="a">Roma: Alessandro Gardano</subfield>
      <subfield code="4">oth</subfield>
    </datafield>
    <datafield tag="710" ind1=" " ind2=" ">
      <subfield code="a">Capella Sistina</subfield>
      <subfield code="0">51000666</subfield>
      <subfield code="4">evp</subfield>
    </datafield>
    <datafield tag="774" ind1=" " ind2=" ">
      <subfield code="w">85701535</subfield>
    </datafield>
    <datafield tag="774" ind1=" " ind2=" ">
      <subfield code="w">85701536</subfield>
    </datafield>
    <datafield tag="774" ind1=" " ind2=" ">
      <subfield code="w">85701537</subfield>
    </datafield>
    <datafield tag="774" ind1=" " ind2=" ">
      <subfield code="w">85701538</subfield>
    </datafield>
    <datafield tag="774" ind1=" " ind2=" ">
      <subfield code="w">85701539</subfield>
    </datafield>
    <datafield tag="774" ind1=" " ind2=" ">
      <subfield code="w">85701540</subfield>
    </datafield>
    <datafield tag="774" ind1=" " ind2=" ">
      <subfield code="w">85701541</subfield>
    </datafield>
    <datafield tag="852" ind1=" " ind2=" ">
      <subfield code="a">V-CVbav</subfield>
      <subfield code="c">CS 202</subfield>
      <subfield code="d">142</subfield>
      <subfield code="d">202</subfield>
      <subfield code="d">A131</subfield>
      <subfield code="z">Fondo Cappella Sistina</subfield>
    </datafield>
  </record>