
  </content>
  <record>
    <leader>00000ncc a2200000 u 4500</leader>
    <controlfield tag="001">85700037</controlfield>
    <datafield tag="041" ind1=" " ind2=" ">
      <subfield code="a">lat</subfield>
    </datafield>
    <datafield tag="130" ind1=" " ind2=" ">
      <subfield code="a">Masses</subfield>
    </datafield>
    <datafield tag="245" ind1=" " ind2=" ">
      <subfield code="a">[without title]</subfield>
    </datafield>
    <datafield tag="260" ind1=" " ind2=" ">
      <subfield code="a">[s.l.]</subfield>
      <subfield code="b">Roma: Andrea Antico</subfield>
      <subfield code="c">1516</subfield>
      <subfield code="8">01</subfield>
    </datafield>
    <datafield tag="300" ind1=" " ind2=" ">
      <subfield code="a">1 choirbook: 162f.</subfield>
      <subfield code="b">Papier</subfield>
      <subfield code="c">395x265</subfield>
      <subfield code="8">01</subfield>
    </datafield>
    <datafield tag="500" ind1=" " ind2=" ">
      <subfield code="a"/>
    </datafield>
    <datafield tag="593" ind1=" " ind2=" ">
      <subfield code="a">Print</subfield>
      <subfield code="8">01</subfield>
    </datafield>
    <datafield tag="650" ind1=" " ind2=" ">
      <subfield code="a">Masses</subfield>
    </datafield>
    <datafield tag="691" ind1=" " ind2=" ">
      <subfield code="a">HaberlV 1888</subfield>
      <subfield code="n">p. 51</subfield>
      <subfield code="0">3122</subfield>
    </datafield>
    <datafield tag="691" ind1=" " ind2=" ">
      <subfield code="a">LlorensS 1960</subfield>
      <subfield code="n">p. 231</subfield>
      <subfield code="0">144</subfield>
    </datafield>
    <datafield tag="691" ind1=" " ind2=" ">
      <subfield code="a">Boorman 1985</subfield>
    </datafield>
    <datafield tag="691" ind1=" " ind2=" ">
      <subfield code="a">CeliL 1753</subfield>
      <subfield code="n">A146</subfield>
      <subfield code="0">41001973</subfield>
    </datafield>
    <datafield tag="691" ind1=" " ind2=" ">
      <subfield code="a">StoraceP 1813</subfield>
      <subfield code="n">A146</subfield>
      <subfield code="0">41001976</subfield>
    </datafield>
    <datafield tag="691" ind1=" " ind2=" ">
      <subfield code="a">SalvatiL 1863</subfield>
      <subfield code="n">209</subfield>
      <subfield code="0">41001978</subfield>
    </datafield>
    <datafield tag="700" ind1=" " ind2=" ">
      <subfield code="a"/>
      <subfield code="4">oth</subfield>
    </datafield>
    <datafield tag="700" ind1=" " ind2=" ">
      <subfield code="a">Roma: Andrea Antico</subfield>
      <subfield code="4">oth</subfield>
    </datafield>
    <datafield tag="710" ind1=" " ind2=" ">
      <subfield code="a">Capella Sistina</subfield>
      <subfield code="0">51000666</subfield>
      <subfield code="4">evp</subfield>
    </datafield>
    <datafield tag="774" ind1=" " ind2=" ">
      <subfield code="w">85701549</subfield>
    </datafield>
    <datafield tag="774" ind1=" " ind2=" ">
      <subfield code="w">85701550</subfield>
    </datafield>
    <datafield tag="774" ind1=" " ind2=" ">
      <subfield code="w">85701551</subfield>
    </datafield>
    <datafield tag="774" ind1=" " ind2=" ">
      <subfield code="w">85701552</subfield>
    </datafield>
    <datafield tag="774" ind1=" " ind2=" ">
      <subfield code="w">85701553</subfield>
    </datafield>
    <datafield tag="774" ind1=" " ind2=" ">
      <subfield code="w">85701554</subfield>
    </datafield>
    <datafield tag="774" ind1=" " ind2=" ">
      <subfield code="w">85701555</subfield>
    </datafield>
    <datafield tag="774" ind1=" " ind2=" ">
      <subfield code="w">85701556</subfield>
    </datafield>
    <datafield tag="774" ind1=" " ind2=" ">
      <subfield code="w">85701557</subfield>
    </datafield>
    <datafield tag="774" ind1=" " ind2=" ">
      <subfield code="w">85701558</subfield>
    </datafield>
    <datafield tag="774" ind1=" " ind2=" ">
      <subfield code="w">85701559</subfield>
    </datafield>
    <datafield tag="774" ind1=" " ind2=" ">
      <subfield code="w">85701560</subfield>
    </datafield>
    <datafield tag="774" ind1=" " ind2=" ">
      <subfield code="w">85701561</subfield>
    </datafield>
    <datafield tag="774" ind1=" " ind2=" ">
      <subfield code="w">85701562</subfield>
    </datafield>
    <datafield tag="774" ind1=" " ind2=" ">
      <subfield code="w">85701563</subfield>
    </datafield>
    <datafield tag="852" ind1=" " ind2=" ">
      <subfield code="a">V-CVbav</subfield>
      <subfield code="c">CS 209</subfield>
      <subfield code="d">209</subfield>
      <subfield code="d">A146</subfield>
      <subfield code="z">Fondo Cappella Sistina</subfield>
    </datafield>
  </record>