
  <content>
    <record>
      <leader>00000ncd a2200000 u 4500</leader>
      <controlfield tag="001">85701549</controlfield>
      <datafield tag="100" ind1=" " ind2=" ">
        <subfield code="a">Brumel, Antoine</subfield>
      </datafield>
      <datafield tag="240" ind1=" " ind2=" ">
        <subfield code="a">Missa de beata Virgine</subfield>
        <subfield code="m">V (X)</subfield>
      </datafield>
      <datafield tag="245" ind1=" " ind2=" ">
        <subfield code="a">[without title]</subfield>
      </datafield>
      <datafield tag="300" ind1=" " ind2=" ">
        <subfield code="a">Choirbook, fol. 3</subfield>
        <subfield code="8">01</subfield>
      </datafield>
      <datafield tag="500" ind1=" " ind2=" ">
        <subfield code="a"/>
        <subfield code="a">Textnachweis: Ordinarium missae</subfield>
        <subfield code="a">Komponist im Index: Brumel</subfield>
        <subfield code="a">1516/01</subfield>
        <subfield code="a">Antico</subfield>
        <subfield code="a">2v-19r</subfield>
        <subfield code="a">Brumel, Antoine</subfield>
        <subfield code="a">Missa de beata Virgine</subfield>
        <subfield code="a">1522</subfield>
        <subfield code="a">Giunta&amp;Pasoti</subfield>
        <subfield code="a">n. 1</subfield>
        <subfield code="a">Brumel, Antoine</subfield>
        <subfield code="a">Missa de beata Virgine</subfield>
        <subfield code="a">1541/1</subfield>
        <subfield code="a">Rhaw</subfield>
        <subfield code="a">nur Credo</subfield>
        <subfield code="a">Brumel, Antoine</subfield>
        <subfield code="a">Missa de beata Virgine</subfield>
        <subfield code="a">1543/19</subfield>
        <subfield code="a">Gardane</subfield>
        <subfield code="a">nur Agnus II</subfield>
        <subfield code="a">Brumel, Antoine</subfield>
        <subfield code="a">Missa de beata Virgine</subfield>
        <subfield code="a">1545/6</subfield>
        <subfield code="a">Rhaw</subfield>
        <subfield code="a">nur Agnus II, Pleni sunt</subfield>
        <subfield code="a">Brumel, Antoine</subfield>
        <subfield code="a">Missa de beata Virgine</subfield>
        <subfield code="a">D-HRD</subfield>
        <subfield code="a">9820</subfield>
        <subfield code="a">45r-78r</subfield>
        <subfield code="a">"Brumel"</subfield>
        <subfield code="a">Brumel, Antoine</subfield>
        <subfield code="a">Missa de beata Virgine</subfield>
        <subfield code="a">D-Mbs</subfield>
        <subfield code="a">65</subfield>
        <subfield code="a">108v-141r</subfield>
        <subfield code="a">Brumel, Antoine</subfield>
        <subfield code="a">Missa de beata Virgine</subfield>
        <subfield code="a">H-Bn</subfield>
        <subfield code="a">Bártfa 16</subfield>
        <subfield code="a">38v-46r</subfield>
        <subfield code="a">??</subfield>
        <subfield code="a">Brumel, Antoine</subfield>
        <subfield code="a">Missa de beata Virgine</subfield>
        <subfield code="a">Brumel</subfield>
      </datafield>
      <datafield tag="691" ind1=" " ind2=" ">
        <subfield code="a">JosquinW</subfield>
        <subfield code="n">Missen,  vol. 3,  p. 125-165.</subfield>
        <subfield code="0"> vol. 3</subfield>
      </datafield>
      <datafield tag="730" ind1=" " ind2=" ">
        <subfield code="a">Missa de beata Virgine</subfield>
      </datafield>
      <datafield tag="730" ind1=" " ind2=" ">
        <subfield code="a">Messe</subfield>
      </datafield>
      <datafield tag="773" ind1=" " ind2=" ">
        <subfield code="w">85700037</subfield>
      </datafield>
      <datafield tag="852" ind1=" " ind2=" ">
        <subfield code="a">V-CVbav</subfield>
        <subfield code="c">CS 209</subfield>
        <subfield code="z">Fondo Cappella Sistina</subfield>
      </datafield>
      <datafield tag="593" ind1=" " ind2=" ">
        <subfield code="a">Print</subfield>
        <subfield code="8">01</subfield>
      </datafield>
    </record>