
    <record>
      <leader>00000ncd a2200000 u 4500</leader>
      <controlfield tag="001">85701550</controlfield>
      <datafield tag="100" ind1=" " ind2=" ">
        <subfield code="a">La Rue, Pierre de</subfield>
      </datafield>
      <datafield tag="240" ind1=" " ind2=" ">
        <subfield code="a">Missa Ave Maria</subfield>
        <subfield code="m">V (X)</subfield>
      </datafield>
      <datafield tag="245" ind1=" " ind2=" ">
        <subfield code="a">[without title]</subfield>
      </datafield>
      <datafield tag="300" ind1=" " ind2=" ">
        <subfield code="a">Choirbook, fol. 20</subfield>
        <subfield code="8">01</subfield>
      </datafield>
      <datafield tag="500" ind1=" " ind2=" ">
        <subfield code="a"/>
        <subfield code="a">Textnachweis: Ordinarium missae</subfield>
        <subfield code="a">Komponist im Index: Pierre de la Rue</subfield>
        <subfield code="a">1516/01</subfield>
        <subfield code="a">Antico</subfield>
        <subfield code="a">94v-104r</subfield>
        <subfield code="a">"Feuim"</subfield>
        <subfield code="a">La Rue, Pierre de</subfield>
        <subfield code="a">Missa Ave Maria</subfield>
        <subfield code="a">1516/01</subfield>
        <subfield code="a">Antico</subfield>
        <subfield code="a">n. 2</subfield>
        <subfield code="a">La Rue, Pierre de</subfield>
        <subfield code="a">Missa Ave Maria</subfield>
        <subfield code="a">1522</subfield>
        <subfield code="a">Giunta&amp;Pasoti</subfield>
        <subfield code="a">n. 2</subfield>
        <subfield code="a">La Rue, Pierre de</subfield>
        <subfield code="a">Missa Ave Maria</subfield>
        <subfield code="a">1543/19</subfield>
        <subfield code="a">Gardane</subfield>
        <subfield code="a">n. 34</subfield>
        <subfield code="a">"Antonio Fevino"</subfield>
        <subfield code="a">La Rue, Pierre de</subfield>
        <subfield code="a">Missa Ave Maria</subfield>
        <subfield code="a">1546/16kr (Arcadelt!!)</subfield>
        <subfield code="a">Berg [Montanus] &amp; Neuber</subfield>
        <subfield code="a">n. 29, 52, 63, 64</subfield>
        <subfield code="a">nur Domine Deus, Agnus II, Et resurrexit, Crucifixus</subfield>
        <subfield code="a">La Rue, Pierre de</subfield>
        <subfield code="a">Missa Ave Maria</subfield>
        <subfield code="a">A-Wn</subfield>
        <subfield code="a">15496</subfield>
        <subfield code="a">36v-50r</subfield>
        <subfield code="a">"Petrus de la Rue"</subfield>
        <subfield code="a">La Rue, Pierre de</subfield>
        <subfield code="a">Missa Ave Maria</subfield>
        <subfield code="a">B-Amp</subfield>
        <subfield code="a">M18.13,1</subfield>
        <subfield code="a">9r-14v</subfield>
        <subfield code="a">Fragm.</subfield>
        <subfield code="a">La Rue, Pierre de</subfield>
        <subfield code="a">Missa Ave Maria</subfield>
        <subfield code="a">B-MEa</subfield>
        <subfield code="a">s.s.</subfield>
        <subfield code="a">49v-62r</subfield>
        <subfield code="a">La Rue, Pierre de</subfield>
        <subfield code="a">Missa Ave Maria</subfield>
        <subfield code="a">BAV</subfield>
        <subfield code="a">CG XII.2</subfield>
        <subfield code="a">32v-47r (Llorens: 19v-35)</subfield>
        <subfield code="a">"Ant. de Feuin"</subfield>
        <subfield code="a">La Rue, Pierre de</subfield>
        <subfield code="a">Missa Ave Maria</subfield>
        <subfield code="a">BAV</subfield>
        <subfield code="a">Pal.lat.1980-81</subfield>
        <subfield code="a">34r-41r (T)</subfield>
        <subfield code="a">La Rue, Pierre de</subfield>
        <subfield code="a">Missa Ave Maria</subfield>
        <subfield code="a">BAV</subfield>
        <subfield code="a">Pal.lat.1982</subfield>
        <subfield code="a">46v-57r (n. 6)</subfield>
        <subfield code="a">S-Stb. "P. de La Rue"</subfield>
        <subfield code="a">La Rue, Pierre de</subfield>
        <subfield code="a">Missa Ave Maria</subfield>
        <subfield code="a">BAV</subfield>
        <subfield code="a">SM 26 (olim J. J. III. 4)</subfield>
        <subfield code="a">140v-154r</subfield>
        <subfield code="a">La Rue, Pierre de</subfield>
        <subfield code="a">Missa Ave Maria</subfield>
        <subfield code="a">D-F</subfield>
        <subfield code="a">2</subfield>
        <subfield code="a">72r-84r</subfield>
        <subfield code="a">La Rue, Pierre de</subfield>
        <subfield code="a">Missa Ave Maria</subfield>
        <subfield code="a">D-HEu</subfield>
        <subfield code="a">cpg 318</subfield>
        <subfield code="a">9v und 36r</subfield>
        <subfield code="a">La Rue, Pierre de</subfield>
        <subfield code="a">Missa Ave Maria</subfield>
        <subfield code="a">D-HRD</subfield>
        <subfield code="a">9820</subfield>
        <subfield code="a">81r-85v</subfield>
        <subfield code="a">"Fevin" Gl fragm.</subfield>
        <subfield code="a">La Rue, Pierre de</subfield>
        <subfield code="a">Missa Ave Maria</subfield>
        <subfield code="a">D-HRD</subfield>
        <subfield code="a">9821</subfield>
        <subfield code="a">242r-250r</subfield>
        <subfield code="a">"Pier. de La Rue" Ky, Sa</subfield>
        <subfield code="a">La Rue, Pierre de</subfield>
        <subfield code="a">Missa Ave Maria</subfield>
        <subfield code="a">D-Ju</subfield>
        <subfield code="a">12</subfield>
        <subfield code="a">18v-32r</subfield>
        <subfield code="a">La Rue, Pierre de</subfield>
        <subfield code="a">Missa Ave Maria</subfield>
        <subfield code="a">D-Ju</subfield>
        <subfield code="a">7</subfield>
        <subfield code="a">17r-29r</subfield>
        <subfield code="a">La Rue, Pierre de</subfield>
        <subfield code="a">Missa Ave Maria</subfield>
        <subfield code="a">D-Sbl</subfield>
        <subfield code="a">Musica folio I45</subfield>
        <subfield code="a">23v-45r</subfield>
        <subfield code="a">La Rue, Pierre de</subfield>
        <subfield code="a">Missa Ave Maria</subfield>
        <subfield code="a">E-MO</subfield>
        <subfield code="a">773</subfield>
        <subfield code="a">La Rue, Pierre de</subfield>
        <subfield code="a">Missa Ave Maria</subfield>
        <subfield code="a">F-CA</subfield>
        <subfield code="a">18</subfield>
        <subfield code="a">168v-183r</subfield>
        <subfield code="a">La Rue, Pierre de</subfield>
        <subfield code="a">Missa Ave Maria</subfield>
        <subfield code="a">F689 (=1515/01)</subfield>
        <subfield code="a">Petrucci</subfield>
        <subfield code="a">n. 3</subfield>
        <subfield code="a">La Rue, Pierre de</subfield>
        <subfield code="a">Missa Ave Maria</subfield>
        <subfield code="a">I-CMac</subfield>
        <subfield code="a">M(D)</subfield>
        <subfield code="a">70v-80r</subfield>
        <subfield code="a">La Rue, Pierre de</subfield>
        <subfield code="a">Missa Ave Maria</subfield>
        <subfield code="a">I-SUss</subfield>
        <subfield code="a">248</subfield>
        <subfield code="a">56v-75v</subfield>
        <subfield code="a">La Rue, Pierre de</subfield>
        <subfield code="a">Missa Ave Maria</subfield>
        <subfield code="a">I-Tn</subfield>
        <subfield code="a">I.27</subfield>
        <subfield code="a">69v-78r</subfield>
        <subfield code="a">La Rue, Pierre de</subfield>
        <subfield code="a">Missa Ave Maria</subfield>
        <subfield code="a">P-Cug</subfield>
        <subfield code="a">M.2</subfield>
        <subfield code="a">104v-121r</subfield>
        <subfield code="a">La Rue, Pierre de</subfield>
        <subfield code="a">Missa Ave Maria</subfield>
        <subfield code="a">S-Uu</subfield>
        <subfield code="a">76c</subfield>
        <subfield code="a">25r-33v</subfield>
        <subfield code="a">La Rue, Pierre de</subfield>
        <subfield code="a">Missa Ave Maria</subfield>
        <subfield code="a">Pierre de la Rue</subfield>
      </datafield>
      <datafield tag="691" ind1=" " ind2=" ">
        <subfield code="a">La Rue OO</subfield>
        <subfield code="n">vol. 1,  p. 115-151.</subfield>
        <subfield code="0"> p. 115-151.</subfield>
      </datafield>
      <datafield tag="730" ind1=" " ind2=" ">
        <subfield code="a">Missa Ave Maria</subfield>
      </datafield>
      <datafield tag="730" ind1=" " ind2=" ">
        <subfield code="a">Messe</subfield>
      </datafield>
      <datafield tag="773" ind1=" " ind2=" ">
        <subfield code="w">85700037</subfield>
      </datafield>
      <datafield tag="852" ind1=" " ind2=" ">
        <subfield code="a">V-CVbav</subfield>
        <subfield code="c">CS 209</subfield>
        <subfield code="z">Fondo Cappella Sistina</subfield>
      </datafield>
      <datafield tag="593" ind1=" " ind2=" ">
        <subfield code="a">Print</subfield>
        <subfield code="8">01</subfield>
      </datafield>
    </record>