
    <record>
      <leader>00000ncd a2200000 u 4500</leader>
      <controlfield tag="001">85701551</controlfield>
      <datafield tag="100" ind1=" " ind2=" ">
        <subfield code="a">Mouton, Jean</subfield>
      </datafield>
      <datafield tag="240" ind1=" " ind2=" ">
        <subfield code="a">Missa Alma Redemptoris Mater</subfield>
        <subfield code="m">V (X)</subfield>
      </datafield>
      <datafield tag="245" ind1=" " ind2=" ">
        <subfield code="a">[without title]</subfield>
      </datafield>
      <datafield tag="300" ind1=" " ind2=" ">
        <subfield code="a">Choirbook, fol. 34</subfield>
        <subfield code="8">01</subfield>
      </datafield>
      <datafield tag="500" ind1=" " ind2=" ">
        <subfield code="a"/>
        <subfield code="a">Textnachweis: Ordinarium missae</subfield>
        <subfield code="a">Komponist im Index: Jo. Mouton</subfield>
        <subfield code="a">1516/01</subfield>
        <subfield code="a">Antico</subfield>
        <subfield code="a">33v-46r</subfield>
        <subfield code="a">Mouton, Jean</subfield>
        <subfield code="a">Missa Alma redemptoris Mater</subfield>
        <subfield code="a">1522</subfield>
        <subfield code="a">Giunta&amp;Pasoti</subfield>
        <subfield code="a">n. 3</subfield>
        <subfield code="a">Mouton, Jean</subfield>
        <subfield code="a">Missa Alma redemptoris Mater</subfield>
        <subfield code="a">1543/19</subfield>
        <subfield code="a">Gardane</subfield>
        <subfield code="a">23, 29</subfield>
        <subfield code="a">nur Benedictus, Agnus II</subfield>
        <subfield code="a">Mouton, Jean</subfield>
        <subfield code="a">Missa Alma redemptoris Mater</subfield>
        <subfield code="a">1555/kr</subfield>
        <subfield code="a">Gardane</subfield>
        <subfield code="a">23, 29</subfield>
        <subfield code="a">nur Benedictus, Agnus II, Il primo libro</subfield>
        <subfield code="a">Mouton, Jean</subfield>
        <subfield code="a">Missa Alma redemptoris Mater</subfield>
        <subfield code="a">D-HEu</subfield>
        <subfield code="a">cpg 318</subfield>
        <subfield code="a">9v, 36r und 38r</subfield>
        <subfield code="a">Mouton, Jean</subfield>
        <subfield code="a">Missa Alma Redemptoris Mater</subfield>
        <subfield code="a">F-CA</subfield>
        <subfield code="a">4</subfield>
        <subfield code="a">69v-93r</subfield>
        <subfield code="a">Mouton, Jean</subfield>
        <subfield code="a">Missa Alma redemptoris Mater</subfield>
        <subfield code="a">I-MOe</subfield>
        <subfield code="a">N. 1.2 (Lat. 452 olim V. H. 2)</subfield>
        <subfield code="a">74v-90r</subfield>
        <subfield code="a">Jo. Mouton</subfield>
        <subfield code="a">Mouton, Jean</subfield>
        <subfield code="a">Missa Alma redemptoris Mater</subfield>
        <subfield code="a">M4015 (1515)</subfield>
        <subfield code="a">Petrucci</subfield>
        <subfield code="a">n. 3</subfield>
        <subfield code="a">Missae Joannis</subfield>
        <subfield code="a">Mouton, Jean</subfield>
        <subfield code="a">Missa Alma redemptoris Mater</subfield>
        <subfield code="a">NL-SH</subfield>
        <subfield code="a">72C</subfield>
        <subfield code="a">132v-152r</subfield>
        <subfield code="a">"Jo. Mouton"</subfield>
        <subfield code="a">Mouton, Jean</subfield>
        <subfield code="a">Missa Alma redemptoris Mater</subfield>
        <subfield code="a">Jo. Mouton</subfield>
      </datafield>
      <datafield tag="691" ind1=" " ind2=" ">
        <subfield code="a">Mouton OO</subfield>
        <subfield code="n">vol. 1,  p. 37-71.</subfield>
        <subfield code="0"> p. 37-71.</subfield>
      </datafield>
      <datafield tag="730" ind1=" " ind2=" ">
        <subfield code="a">Missa Alma Redemptoris Mater</subfield>
      </datafield>
      <datafield tag="730" ind1=" " ind2=" ">
        <subfield code="a">Messe</subfield>
      </datafield>
      <datafield tag="773" ind1=" " ind2=" ">
        <subfield code="w">85700037</subfield>
      </datafield>
      <datafield tag="852" ind1=" " ind2=" ">
        <subfield code="a">V-CVbav</subfield>
        <subfield code="c">CS 209</subfield>
        <subfield code="z">Fondo Cappella Sistina</subfield>
      </datafield>
      <datafield tag="593" ind1=" " ind2=" ">
        <subfield code="a">Print</subfield>
        <subfield code="8">01</subfield>
      </datafield>
    </record>