
    <record>
      <leader>00000ncd a2200000 u 4500</leader>
      <controlfield tag="001">85701552</controlfield>
      <datafield tag="100" ind1=" " ind2=" ">
        <subfield code="a">Févin, Antoine de</subfield>
      </datafield>
      <datafield tag="240" ind1=" " ind2=" ">
        <subfield code="a">Missa Mente tota tibi supplicamus</subfield>
        <subfield code="m">V (X)</subfield>
      </datafield>
      <datafield tag="245" ind1=" " ind2=" ">
        <subfield code="a">[without title]</subfield>
      </datafield>
      <datafield tag="300" ind1=" " ind2=" ">
        <subfield code="a">Choirbook, fol. 47</subfield>
        <subfield code="8">01</subfield>
      </datafield>
      <datafield tag="500" ind1=" " ind2=" ">
        <subfield code="a"/>
        <subfield code="a">Textnachweis: Ordinarium missae</subfield>
        <subfield code="a">Komponist im Index: Fevim</subfield>
        <subfield code="a">1516/01</subfield>
        <subfield code="a">Antico</subfield>
        <subfield code="a">46v-57r</subfield>
        <subfield code="a">"Feuim."</subfield>
        <subfield code="a">Févin, Antoine de</subfield>
        <subfield code="a">Missa Mente tota tibi supplicamus</subfield>
        <subfield code="a">1545/7</subfield>
        <subfield code="a">Rhaw</subfield>
        <subfield code="a">n. 56</subfield>
        <subfield code="a">nur Pleni auf Text Beatus homo</subfield>
        <subfield code="a">Févin, Antoine de</subfield>
        <subfield code="a">Missa Mente tota tibi supplicamus</subfield>
        <subfield code="a">A-Wn</subfield>
        <subfield code="a">15495</subfield>
        <subfield code="a">19v-33r</subfield>
        <subfield code="a">"Anthonius de feuin"</subfield>
        <subfield code="a">Févin, Antoine de</subfield>
        <subfield code="a">Missa Mente tota tibi supplicamus</subfield>
        <subfield code="a">A-Wn</subfield>
        <subfield code="a">18832</subfield>
        <subfield code="a">n. 18, 20</subfield>
        <subfield code="a">nur Benedictus, Pleni</subfield>
        <subfield code="a">Févin, Antoine de</subfield>
        <subfield code="a">Missa Mente tota tibi supplicamus</subfield>
        <subfield code="a">Bav</subfield>
        <subfield code="a">Cs 16</subfield>
        <subfield code="a">45v-58r</subfield>
        <subfield code="a">"Ant. de feuin"</subfield>
        <subfield code="a">Févin, Antoine de</subfield>
        <subfield code="a">Missa Mente tota tibi supplicamus</subfield>
        <subfield code="a">BAV</subfield>
        <subfield code="a">CG XII.2</subfield>
        <subfield code="a">175v-181r (Llorens: 90v-106r)</subfield>
        <subfield code="a">"feuin"</subfield>
        <subfield code="a">Févin, Antoine de</subfield>
        <subfield code="a">Missa Mente tota tibi supplicamus</subfield>
        <subfield code="a">D-Ju</subfield>
        <subfield code="a">3</subfield>
        <subfield code="a">43v-58r</subfield>
        <subfield code="a">"Anthonius de Fevin"</subfield>
        <subfield code="a">Févin, Antoine de</subfield>
        <subfield code="a">Missa Mente tota tibi supplicamus</subfield>
        <subfield code="a">D-Mbs</subfield>
        <subfield code="a">Mus.Ms260</subfield>
        <subfield code="a">n. 57, 58</subfield>
        <subfield code="a">nur Benedictus, Pleni</subfield>
        <subfield code="a">Févin, Antoine de</subfield>
        <subfield code="a">Missa Mente tota tibi supplicamus</subfield>
        <subfield code="a">E-Bc</subfield>
        <subfield code="a">454</subfield>
        <subfield code="a">4v-12v</subfield>
        <subfield code="a">"Anthonius Fevin"</subfield>
        <subfield code="a">Févin, Antoine de</subfield>
        <subfield code="a">Missa Mente tota tibi supplicamus</subfield>
        <subfield code="a">F689 (=1515/01)</subfield>
        <subfield code="a">Petrucci</subfield>
        <subfield code="a">n. 2</subfield>
        <subfield code="a">"Ant. de feuin"</subfield>
        <subfield code="a">Févin, Antoine de</subfield>
        <subfield code="a">Missa Mente tota tibi supplicamus</subfield>
        <subfield code="a">S-Uu</subfield>
        <subfield code="a">76b</subfield>
        <subfield code="a">50v-60r</subfield>
        <subfield code="a">Févin, Antoine de</subfield>
        <subfield code="a">Missa Mente tota tibi supplicamus</subfield>
        <subfield code="a">Fevim</subfield>
      </datafield>
      <datafield tag="691" ind1=" " ind2=" ">
        <subfield code="a">FévinA OC</subfield>
        <subfield code="n">vol. 2,  p. 139-178.</subfield>
        <subfield code="0"> p. 139-178.</subfield>
      </datafield>
      <datafield tag="730" ind1=" " ind2=" ">
        <subfield code="a">Missa Mente tota tibi supplicamus</subfield>
      </datafield>
      <datafield tag="730" ind1=" " ind2=" ">
        <subfield code="a">Messe</subfield>
      </datafield>
      <datafield tag="773" ind1=" " ind2=" ">
        <subfield code="w">85700037</subfield>
      </datafield>
      <datafield tag="852" ind1=" " ind2=" ">
        <subfield code="a">V-CVbav</subfield>
        <subfield code="c">CS 209</subfield>
        <subfield code="z">Fondo Cappella Sistina</subfield>
      </datafield>
      <datafield tag="593" ind1=" " ind2=" ">
        <subfield code="a">Print</subfield>
        <subfield code="8">01</subfield>
      </datafield>
    </record>