
    <record>
      <leader>00000ncd a2200000 u 4500</leader>
      <controlfield tag="001">85701554</controlfield>
      <datafield tag="100" ind1=" " ind2=" ">
        <subfield code="a">Févin, Antoine de</subfield>
      </datafield>
      <datafield tag="240" ind1=" " ind2=" ">
        <subfield code="a">Missa de feria</subfield>
        <subfield code="m">V (X)</subfield>
      </datafield>
      <datafield tag="245" ind1=" " ind2=" ">
        <subfield code="a">[without title]</subfield>
      </datafield>
      <datafield tag="300" ind1=" " ind2=" ">
        <subfield code="a">Choirbook, fol. 71</subfield>
        <subfield code="8">01</subfield>
      </datafield>
      <datafield tag="500" ind1=" " ind2=" ">
        <subfield code="a"/>
        <subfield code="a">Textnachweis: Ordinarium missae</subfield>
        <subfield code="a">Komponist im Index: Fevim</subfield>
        <subfield code="a">1516/01</subfield>
        <subfield code="a">Antico</subfield>
        <subfield code="a">70r-80r</subfield>
        <subfield code="a">"Feuim"</subfield>
        <subfield code="a">Févin, Antoine de</subfield>
        <subfield code="a">Missa de feria</subfield>
        <subfield code="a">1546/6</subfield>
        <subfield code="a">Susato</subfield>
        <subfield code="a">n. 33</subfield>
        <subfield code="a">nur Pleni auf Text Duo rofavi</subfield>
        <subfield code="a">Févin, Antoine de</subfield>
        <subfield code="a">Missa de feria</subfield>
        <subfield code="a">A-Wn</subfield>
        <subfield code="a">18832</subfield>
        <subfield code="a">n. 32, 33</subfield>
        <subfield code="a">nur Pleni (auf text Duo rogavi) und Agnus II auf Qui fodit</subfield>
        <subfield code="a">Févin, Antoine de</subfield>
        <subfield code="a">Missa de feria</subfield>
        <subfield code="a">BAV</subfield>
        <subfield code="a">CS 16</subfield>
        <subfield code="a">58v-69r</subfield>
        <subfield code="a">!Ant. de feuin"</subfield>
        <subfield code="a">Févin, Antoine de</subfield>
        <subfield code="a">Missa de feria</subfield>
        <subfield code="a">BAV</subfield>
        <subfield code="a">Pal.lat.1982</subfield>
        <subfield code="a">101v-111r (n. 12)</subfield>
        <subfield code="a">S-Stb. "Ant. de Fevin"</subfield>
        <subfield code="a">Févin, Antoine de</subfield>
        <subfield code="a">Missa de feria</subfield>
        <subfield code="a">D-Ju</subfield>
        <subfield code="a">2</subfield>
        <subfield code="a">33v-48r</subfield>
        <subfield code="a">"Anthonius de Fevin"</subfield>
        <subfield code="a">Févin, Antoine de</subfield>
        <subfield code="a">Missa de feria</subfield>
        <subfield code="a">D-Ju</subfield>
        <subfield code="a">4</subfield>
        <subfield code="a">66v-76r</subfield>
        <subfield code="a">"Anthonius de Fevin+" 5v</subfield>
        <subfield code="a">Févin, Antoine de</subfield>
        <subfield code="a">Missa de feria</subfield>
        <subfield code="a">D-Sl</subfield>
        <subfield code="a">44</subfield>
        <subfield code="a">84v-123r</subfield>
        <subfield code="a">Févin, Antoine de</subfield>
        <subfield code="a">Missa de feria</subfield>
        <subfield code="a">F-CA</subfield>
        <subfield code="a">4</subfield>
        <subfield code="a">48v-57r</subfield>
        <subfield code="a">Févin, Antoine de</subfield>
        <subfield code="a">Missa de feria</subfield>
        <subfield code="a">NL-SH</subfield>
        <subfield code="a">72A</subfield>
        <subfield code="a">39v-61r</subfield>
        <subfield code="a">"An. Fevyn"</subfield>
        <subfield code="a">Févin, Antoine de</subfield>
        <subfield code="a">Missa de feria</subfield>
        <subfield code="a">S-Uu</subfield>
        <subfield code="a">76c</subfield>
        <subfield code="a">17v-25r</subfield>
        <subfield code="a">Févin, Antoine de</subfield>
        <subfield code="a">Missa de feria</subfield>
        <subfield code="a">Fevim</subfield>
      </datafield>
      <datafield tag="691" ind1=" " ind2=" ">
        <subfield code="a">FévinA OC</subfield>
        <subfield code="n">vol. 2,  p. 80-138.</subfield>
        <subfield code="0"> p. 80-138.</subfield>
      </datafield>
      <datafield tag="730" ind1=" " ind2=" ">
        <subfield code="a">Missa de feria</subfield>
      </datafield>
      <datafield tag="730" ind1=" " ind2=" ">
        <subfield code="a">Messe</subfield>
      </datafield>
      <datafield tag="773" ind1=" " ind2=" ">
        <subfield code="w">85700037</subfield>
      </datafield>
      <datafield tag="852" ind1=" " ind2=" ">
        <subfield code="a">V-CVbav</subfield>
        <subfield code="c">CS 209</subfield>
        <subfield code="z">Fondo Cappella Sistina</subfield>
      </datafield>
      <datafield tag="593" ind1=" " ind2=" ">
        <subfield code="a">Print</subfield>
        <subfield code="8">01</subfield>
      </datafield>
    </record>