
    <record>
      <leader>00000ncd a2200000 u 4500</leader>
      <controlfield tag="001">85701555</controlfield>
      <datafield tag="100" ind1=" " ind2=" ">
        <subfield code="a">Mouton, Jean</subfield>
      </datafield>
      <datafield tag="240" ind1=" " ind2=" ">
        <subfield code="a">Missa Dictes moy toutes vos pensees</subfield>
        <subfield code="m">V (X)</subfield>
      </datafield>
      <datafield tag="245" ind1=" " ind2=" ">
        <subfield code="a">[without title]</subfield>
      </datafield>
      <datafield tag="300" ind1=" " ind2=" ">
        <subfield code="a">Choirbook, fol. 81</subfield>
        <subfield code="8">01</subfield>
      </datafield>
      <datafield tag="500" ind1=" " ind2=" ">
        <subfield code="a"/>
        <subfield code="a">Textnachweis: Ordinarium missae</subfield>
        <subfield code="a">Komponist im Index: Jo. Mouton</subfield>
        <subfield code="a">1516/01</subfield>
        <subfield code="a">Antico</subfield>
        <subfield code="a">80v-94r</subfield>
        <subfield code="a">Mouton, Jean</subfield>
        <subfield code="a">Missa Dictes moy toutes vos pensees</subfield>
        <subfield code="a">BAV</subfield>
        <subfield code="a">CS 39 (=39001)</subfield>
        <subfield code="a">3v-23r</subfield>
        <subfield code="a">Mouton, Jean</subfield>
        <subfield code="a">Missa Dictes moy toutes vos pensees</subfield>
        <subfield code="a">BAV</subfield>
        <subfield code="a">Pal.lat.1982</subfield>
        <subfield code="a">151v-163r (n. 17)</subfield>
        <subfield code="a">S-Stb. "Jo. Mouton"</subfield>
        <subfield code="a">Mouton, Jean</subfield>
        <subfield code="a">Missa Dictes moy toutes vos pensees</subfield>
        <subfield code="a">D-HRD</subfield>
        <subfield code="a">9821</subfield>
        <subfield code="a">87r-88v</subfield>
        <subfield code="a">"Jo. Mouton" Ky</subfield>
        <subfield code="a">Mouton, Jean</subfield>
        <subfield code="a">Missa Dictes moy toutes vos pensees</subfield>
        <subfield code="a">D-Mbs</subfield>
        <subfield code="a">510</subfield>
        <subfield code="a">87v-113r</subfield>
        <subfield code="a">Mouton, Jean</subfield>
        <subfield code="a">Missa Dictes moy toutes vos pensees</subfield>
        <subfield code="a">E-Tc</subfield>
        <subfield code="a">16</subfield>
        <subfield code="a">38v-62r</subfield>
        <subfield code="a">Mouton, Jean</subfield>
        <subfield code="a">Missa Dictes moy toutes vos pensees</subfield>
        <subfield code="a">M4015 (1515)</subfield>
        <subfield code="a">Petrucci</subfield>
        <subfield code="a">n. 4</subfield>
        <subfield code="a">Mouton, Jean</subfield>
        <subfield code="a">Missa Dictes moy toutes vos pensees</subfield>
        <subfield code="a">NL-SH</subfield>
        <subfield code="a">72C</subfield>
        <subfield code="a">92v-111r</subfield>
        <subfield code="a">"Jo. Mouton"</subfield>
        <subfield code="a">Mouton, Jean</subfield>
        <subfield code="a">Missa Dictes moy toutes vos pensees</subfield>
        <subfield code="a">Jo. Mouton</subfield>
      </datafield>
      <datafield tag="691" ind1=" " ind2=" ">
        <subfield code="a">Mouton OO</subfield>
        <subfield code="n">vol. 2,  p. 1-50.</subfield>
        <subfield code="0"> p. 1-50.</subfield>
      </datafield>
      <datafield tag="730" ind1=" " ind2=" ">
        <subfield code="a">Missa Dictes moy toutes vos pensees</subfield>
      </datafield>
      <datafield tag="730" ind1=" " ind2=" ">
        <subfield code="a">Messe</subfield>
      </datafield>
      <datafield tag="773" ind1=" " ind2=" ">
        <subfield code="w">85700037</subfield>
      </datafield>
      <datafield tag="852" ind1=" " ind2=" ">
        <subfield code="a">V-CVbav</subfield>
        <subfield code="c">CS 209</subfield>
        <subfield code="z">Fondo Cappella Sistina</subfield>
      </datafield>
      <datafield tag="593" ind1=" " ind2=" ">
        <subfield code="a">Print</subfield>
        <subfield code="8">01</subfield>
      </datafield>
    </record>