
    <record>
      <leader>00000ncd a2200000 u 4500</leader>
      <controlfield tag="001">85701556</controlfield>
      <datafield tag="100" ind1=" " ind2=" ">
        <subfield code="a">Févin, Antoine de</subfield>
      </datafield>
      <datafield tag="240" ind1=" " ind2=" ">
        <subfield code="a">Missa Ave Maria</subfield>
        <subfield code="m">V (X)</subfield>
      </datafield>
      <datafield tag="245" ind1=" " ind2=" ">
        <subfield code="a">[without title]</subfield>
      </datafield>
      <datafield tag="300" ind1=" " ind2=" ">
        <subfield code="a">Choirbook, fol. 95</subfield>
        <subfield code="8">01</subfield>
      </datafield>
      <datafield tag="500" ind1=" " ind2=" ">
        <subfield code="a"/>
        <subfield code="a">Textnachweis: Ordinarium missae</subfield>
        <subfield code="a">Komponist im Index: Fevim</subfield>
        <subfield code="a">1516/01</subfield>
        <subfield code="a">Antico</subfield>
        <subfield code="a">94v-104r</subfield>
        <subfield code="a">"Feuim"</subfield>
        <subfield code="a">Févin, Antoine de</subfield>
        <subfield code="a">Missa Ave Maria</subfield>
        <subfield code="a">1543/19</subfield>
        <subfield code="a">Gardane</subfield>
        <subfield code="a">n. 34</subfield>
        <subfield code="a">"Antonio Fevino"</subfield>
        <subfield code="a">Févin, Antoine de</subfield>
        <subfield code="a">Missa Ave Maria</subfield>
        <subfield code="a">1546/22</subfield>
        <subfield code="a">Gardane</subfield>
        <subfield code="a">2r-16v</subfield>
        <subfield code="a">"Antonio Fevino"</subfield>
        <subfield code="a">Févin, Antoine de</subfield>
        <subfield code="a">Missa Ave Maria</subfield>
        <subfield code="a">BAV</subfield>
        <subfield code="a">CG XII.2</subfield>
        <subfield code="a">32v-47r (Llorens: 19v-35r)</subfield>
        <subfield code="a">"Ant. de Feuin"</subfield>
        <subfield code="a">Févin, Antoine de</subfield>
        <subfield code="a">Missa Ave Maria</subfield>
        <subfield code="a">BAV</subfield>
        <subfield code="a">CS 45</subfield>
        <subfield code="a">31v-47r</subfield>
        <subfield code="a">Févin, Antoine de</subfield>
        <subfield code="a">Missa Ave Maria</subfield>
        <subfield code="a">BAV</subfield>
        <subfield code="a">SM 26 (olim J. J. III. 4)</subfield>
        <subfield code="a">140v-154r</subfield>
        <subfield code="a">Févin, Antoine de</subfield>
        <subfield code="a">Missa Ave Maria</subfield>
        <subfield code="a">D-F</subfield>
        <subfield code="a">2</subfield>
        <subfield code="a">72r-84r</subfield>
        <subfield code="a">Févin, Antoine de</subfield>
        <subfield code="a">Missa Ave Maria</subfield>
        <subfield code="a">D-HRD</subfield>
        <subfield code="a">9820</subfield>
        <subfield code="a">81r-85v</subfield>
        <subfield code="a">"Fevin" Gl fragm.</subfield>
        <subfield code="a">Févin, Antoine de</subfield>
        <subfield code="a">Missa Ave Maria</subfield>
        <subfield code="a">D-Ju</subfield>
        <subfield code="a">7</subfield>
        <subfield code="a">17r-29r</subfield>
        <subfield code="a">Févin, Antoine de</subfield>
        <subfield code="a">Missa Ave Maria</subfield>
        <subfield code="a">D-Sbl</subfield>
        <subfield code="a">Musica folio I45</subfield>
        <subfield code="a">23v-45r</subfield>
        <subfield code="a">Févin, Antoine de</subfield>
        <subfield code="a">Missa Ave Maria</subfield>
        <subfield code="a">F689 (=1515/01)</subfield>
        <subfield code="a">Petrucci</subfield>
        <subfield code="a">n. 3</subfield>
        <subfield code="a">"Ant. de Feuin"</subfield>
        <subfield code="a">Févin, Antoine de</subfield>
        <subfield code="a">Missa Ave Maria</subfield>
        <subfield code="a">I-Tn</subfield>
        <subfield code="a">I.27</subfield>
        <subfield code="a">69v-78r</subfield>
        <subfield code="a">Févin, Antoine de</subfield>
        <subfield code="a">Missa Ave Maria</subfield>
        <subfield code="a">kr1546/16??</subfield>
        <subfield code="a">Berg [Montanus] &amp; Neuber</subfield>
        <subfield code="a">n. 29, 52, 63, 64</subfield>
        <subfield code="a">nur Domine Deus, Agnus II, Et resurrexit, Crucifixus</subfield>
        <subfield code="a">Févin, Antoine de</subfield>
        <subfield code="a">Missa Ave Maria</subfield>
        <subfield code="a">S-Uu</subfield>
        <subfield code="a">76c</subfield>
        <subfield code="a">25r-33v</subfield>
        <subfield code="a">Févin, Antoine de</subfield>
        <subfield code="a">Missa Ave Maria</subfield>
        <subfield code="a">Fevim</subfield>
      </datafield>
      <datafield tag="691" ind1=" " ind2=" ">
        <subfield code="a">FévinA OC</subfield>
        <subfield code="n">vol. 2,  p. 1-36.</subfield>
        <subfield code="0"> p. 1-36.</subfield>
      </datafield>
      <datafield tag="730" ind1=" " ind2=" ">
        <subfield code="a">Missa Ave Maria</subfield>
      </datafield>
      <datafield tag="730" ind1=" " ind2=" ">
        <subfield code="a">Messe</subfield>
      </datafield>
      <datafield tag="773" ind1=" " ind2=" ">
        <subfield code="w">85700037</subfield>
      </datafield>
      <datafield tag="852" ind1=" " ind2=" ">
        <subfield code="a">V-CVbav</subfield>
        <subfield code="c">CS 209</subfield>
        <subfield code="z">Fondo Cappella Sistina</subfield>
      </datafield>
      <datafield tag="593" ind1=" " ind2=" ">
        <subfield code="a">Print</subfield>
        <subfield code="8">01</subfield>
      </datafield>
    </record>