
    <record>
      <leader>00000ncd a2200000 u 4500</leader>
      <controlfield tag="001">85701557</controlfield>
      <datafield tag="031" ind1=" " ind2=" ">
        <subfield code="a">1</subfield>
        <subfield code="b">1</subfield>
        <subfield code="c">1</subfield>
        <subfield code="d">Missa Faisant regretz</subfield>
        <subfield code="t">Kyrie</subfield>
        <subfield code="m">V 4</subfield>
        <subfield code="q">composed by Josquin Desprez</subfield>
      </datafield>
      <datafield tag="031" ind1=" " ind2=" ">
        <subfield code="a">1</subfield>
        <subfield code="b">2</subfield>
        <subfield code="c">1</subfield>
        <subfield code="d">Missa Faisant regretz</subfield>
        <subfield code="t">[Gloria] Et in terra</subfield>
        <subfield code="m">V 4</subfield>
        <subfield code="q">composed by Josquin Desprez</subfield>
      </datafield>
      <datafield tag="031" ind1=" " ind2=" ">
        <subfield code="a">1</subfield>
        <subfield code="b">3</subfield>
        <subfield code="c">1</subfield>
        <subfield code="d">Missa Faisant regretz</subfield>
        <subfield code="t">[Credo] Patrem</subfield>
        <subfield code="m">V 4</subfield>
        <subfield code="q">composed by Josquin Desprez</subfield>
      </datafield>
      <datafield tag="031" ind1=" " ind2=" ">
        <subfield code="a">1</subfield>
        <subfield code="b">4</subfield>
        <subfield code="c">1</subfield>
        <subfield code="d">Missa Faisant regretz</subfield>
        <subfield code="t">Sanctus</subfield>
        <subfield code="m">4 (Pleni: 3, Hosanna: canon in diatessaron, ad longum)</subfield>
        <subfield code="q">composed by Josquin Desprez</subfield>
      </datafield>
      <datafield tag="031" ind1=" " ind2=" ">
        <subfield code="a">1</subfield>
        <subfield code="b">5</subfield>
        <subfield code="c">1</subfield>
        <subfield code="d">Missa Faisant regretz</subfield>
        <subfield code="t">Agnus Dei</subfield>
        <subfield code="q">composed by Josquin Desprez</subfield>
      </datafield>
      <datafield tag="100" ind1=" " ind2=" ">
        <subfield code="a">Josquin Desprez</subfield>
      </datafield>
      <datafield tag="240" ind1=" " ind2=" ">
        <subfield code="a">Missa Faisant regretz</subfield>
        <subfield code="m">V (4)</subfield>
      </datafield>
      <datafield tag="245" ind1=" " ind2=" ">
        <subfield code="a">[without title]</subfield>
      </datafield>
      <datafield tag="300" ind1=" " ind2=" ">
        <subfield code="a">Choirbook, fol. 105</subfield>
        <subfield code="8">01</subfield>
      </datafield>
      <datafield tag="500" ind1=" " ind2=" ">
        <subfield code="a"/>
        <subfield code="a">Textnachweis: Ordinarium missae</subfield>
        <subfield code="a">Komponist im Index: Josquin</subfield>
        <subfield code="a">1516/01</subfield>
        <subfield code="a">Antico</subfield>
        <subfield code="a">ciiii-cxiiii</subfield>
        <subfield code="a">Josquin</subfield>
        <subfield code="a">Josquin Desprez</subfield>
        <subfield code="a">Missa Faisant regretz</subfield>
        <subfield code="a">1522</subfield>
        <subfield code="a">Giunta&amp;Pasoti</subfield>
        <subfield code="a">n. 6</subfield>
        <subfield code="a">Josquin</subfield>
        <subfield code="a">Josquin Desprez</subfield>
        <subfield code="a">Missa Faisant regretz</subfield>
        <subfield code="a">1538/22</subfield>
        <subfield code="a">Narváez</subfield>
        <subfield code="a">36-37, 37-38</subfield>
        <subfield code="a">Josquin, nur Sanctus und Osanna</subfield>
        <subfield code="a">Josquin Desprez</subfield>
        <subfield code="a">Missa Faisant regretz</subfield>
        <subfield code="a">1546/34</subfield>
        <subfield code="a">Mudarra</subfield>
        <subfield code="a">10-12,12-13</subfield>
        <subfield code="a">Iosquin, nur Quii tollis(Gloria) und Pleni</subfield>
        <subfield code="a">Josquin Desprez</subfield>
        <subfield code="a">Missa Faisant regretz</subfield>
        <subfield code="a">1547/25</subfield>
        <subfield code="a">Valderrábano</subfield>
        <subfield code="a">85,85-86?</subfield>
        <subfield code="a">Iosquin, nur Et incarnatus und Et ex patre</subfield>
        <subfield code="a">Josquin Desprez</subfield>
        <subfield code="a">Missa Faisant regretz</subfield>
        <subfield code="a">1552/35</subfield>
        <subfield code="a">Pisador</subfield>
        <subfield code="a">36-41</subfield>
        <subfield code="a">Iusquin, Ag II/III fehlt, Pleni spostato am Ende</subfield>
        <subfield code="a">Josquin Desprez</subfield>
        <subfield code="a">Missa Faisant regretz</subfield>
        <subfield code="a">1554/32</subfield>
        <subfield code="a">Montesdoca</subfield>
        <subfield code="a">91-92v</subfield>
        <subfield code="a">Iosquin, nur Gloira, Kyrie I/12</subfield>
        <subfield code="a">Josquin Desprez</subfield>
        <subfield code="a">Missa Faisant regretz</subfield>
        <subfield code="a">A-Wn</subfield>
        <subfield code="a">15495</subfield>
        <subfield code="a">33v-47r</subfield>
        <subfield code="a">Josquin des Pretz</subfield>
        <subfield code="a">Josquin Desprez</subfield>
        <subfield code="a">Missa Faisant regretz</subfield>
        <subfield code="a">A-Wn</subfield>
        <subfield code="a">4809</subfield>
        <subfield code="a">96v-108r (90-108?)</subfield>
        <subfield code="a">Anonymus</subfield>
        <subfield code="a">Josquin Desprez</subfield>
        <subfield code="a">Missa Faisant regretz</subfield>
        <subfield code="a">BAV</subfield>
        <subfield code="a">Cs 23</subfield>
        <subfield code="a">118-128?</subfield>
        <subfield code="a">Josquin de Pres</subfield>
        <subfield code="a">Josquin Desprez</subfield>
        <subfield code="a">Missa Faisant regretz</subfield>
        <subfield code="a">BAV</subfield>
        <subfield code="a">Pal.lat.1980-81</subfield>
        <subfield code="a">48r-52r/48v-54r</subfield>
        <subfield code="a">Anonymus</subfield>
        <subfield code="a">Josquin Desprez</subfield>
        <subfield code="a">Missa Faisant regretz</subfield>
        <subfield code="a">D-HRD</subfield>
        <subfield code="a">9821</subfield>
        <subfield code="a">n. 8 [71-76?]</subfield>
        <subfield code="a">Josquin, nur Kyrie und teilw. Credo, Partitur</subfield>
        <subfield code="a">Josquin Desprez</subfield>
        <subfield code="a">Missa Faisant regretz</subfield>
        <subfield code="a">D-Ju</subfield>
        <subfield code="a">3</subfield>
        <subfield code="a">1v-14r</subfield>
        <subfield code="a">"Missa Elizabeth", "Josquin des Pres</subfield>
        <subfield code="a">Josquin Desprez</subfield>
        <subfield code="a">Missa Faisant regretz</subfield>
        <subfield code="a">D-Mbs</subfield>
        <subfield code="a">510</subfield>
        <subfield code="a">24v-41r</subfield>
        <subfield code="a">Anonymus</subfield>
        <subfield code="a">Josquin Desprez</subfield>
        <subfield code="a">Missa Faisant regretz</subfield>
        <subfield code="a">E-Tc</subfield>
        <subfield code="a">9</subfield>
        <subfield code="a">83v-103r</subfield>
        <subfield code="a">Anonymus, CW: Jusquini</subfield>
        <subfield code="a">Josquin Desprez</subfield>
        <subfield code="a">Missa Faisant regretz</subfield>
        <subfield code="a">J673 (1514)</subfield>
        <subfield code="a">Petrucci</subfield>
        <subfield code="a">n. 2</subfield>
        <subfield code="a">Missarum, Liber tertius</subfield>
        <subfield code="a">Josquin Desprez</subfield>
        <subfield code="a">Missa Faisant regretz</subfield>
        <subfield code="a">J674 (1516)</subfield>
        <subfield code="a">Petrucci</subfield>
        <subfield code="a">n. 2</subfield>
        <subfield code="a">Missarum, Liber tertius</subfield>
        <subfield code="a">Josquin Desprez</subfield>
        <subfield code="a">Missa Faisant regretz</subfield>
        <subfield code="a">J675 (1526)</subfield>
        <subfield code="a">Giunta/Pasoti/Dorico</subfield>
        <subfield code="a">n. 2</subfield>
        <subfield code="a">Missarum, Liber tertius</subfield>
        <subfield code="a">Josquin Desprez</subfield>
        <subfield code="a">Missa Faisant regretz</subfield>
        <subfield code="a">Josquin</subfield>
      </datafield>
      <datafield tag="691" ind1=" " ind2=" ">
        <subfield code="a">JosquinCW</subfield>
        <subfield code="n">vol. 8,  p. 2-29,  JosquinW,  Missen,  vol. 3,  p. 33-55.</subfield>
        <subfield code="0"> p. 2-29</subfield>
      </datafield>
      <datafield tag="730" ind1=" " ind2=" ">
        <subfield code="a">Missa Faisant regretz</subfield>
      </datafield>
      <datafield tag="730" ind1=" " ind2=" ">
        <subfield code="a">Messe</subfield>
      </datafield>
      <datafield tag="773" ind1=" " ind2=" ">
        <subfield code="w">85700037</subfield>
      </datafield>
      <datafield tag="852" ind1=" " ind2=" ">
        <subfield code="a">V-CVbav</subfield>
        <subfield code="c">CS 209</subfield>
        <subfield code="z">Fondo Cappella Sistina</subfield>
      </datafield>
      <datafield tag="593" ind1=" " ind2=" ">
        <subfield code="a">Print</subfield>
        <subfield code="8">01</subfield>
      </datafield>
      <datafield tag="594" ind1=" " ind2=" ">
        <subfield code="b">V</subfield>
        <subfield code="c">4</subfield>
      </datafield>
    </record>