
    <record>
      <leader>00000ncd a2200000 u 4500</leader>
      <controlfield tag="001">85701558</controlfield>
      <datafield tag="031" ind1=" " ind2=" ">
        <subfield code="a">1</subfield>
        <subfield code="b">1</subfield>
        <subfield code="c">1</subfield>
        <subfield code="d">Missa de beata Virgine</subfield>
        <subfield code="t">Kyrie</subfield>
        <subfield code="m">V 4</subfield>
        <subfield code="q">composed by Josquin Desprez</subfield>
      </datafield>
      <datafield tag="031" ind1=" " ind2=" ">
        <subfield code="a">1</subfield>
        <subfield code="b">2</subfield>
        <subfield code="c">1</subfield>
        <subfield code="d">Missa de beata Virgine</subfield>
        <subfield code="t">[Gloria] Et in terra</subfield>
        <subfield code="m">V 4</subfield>
        <subfield code="q">composed by Josquin Desprez</subfield>
        <subfield code="q">Tropus Spiritus et alme post Concilium Tridentinum deleto</subfield>
      </datafield>
      <datafield tag="031" ind1=" " ind2=" ">
        <subfield code="a">1</subfield>
        <subfield code="b">3</subfield>
        <subfield code="c">1</subfield>
        <subfield code="d">Missa de beata Virgine</subfield>
        <subfield code="t">[Credo] Patrem</subfield>
        <subfield code="m">5, Canon le premier va devant (in subdiapente)</subfield>
        <subfield code="q">composed by Josquin Desprez</subfield>
      </datafield>
      <datafield tag="031" ind1=" " ind2=" ">
        <subfield code="a">1</subfield>
        <subfield code="b">4</subfield>
        <subfield code="c">1</subfield>
        <subfield code="d">Missa de beata Virgine</subfield>
        <subfield code="t">Sanctus</subfield>
        <subfield code="m">5, Canon Vous jeunerez les quatre temps (in diapente)</subfield>
        <subfield code="q">composed by Josquin Desprez</subfield>
      </datafield>
      <datafield tag="031" ind1=" " ind2=" ">
        <subfield code="a">1</subfield>
        <subfield code="b">5</subfield>
        <subfield code="c">1</subfield>
        <subfield code="d">Missa de beata Virgine</subfield>
        <subfield code="t">Agnus Dei</subfield>
        <subfield code="m">A I, III: 5, A II: 2, A I, III: Canon Vous jeunerez les quatre temps (in diapente)</subfield>
        <subfield code="q">composed by Josquin Desprez</subfield>
      </datafield>
      <datafield tag="100" ind1=" " ind2=" ">
        <subfield code="a">Josquin Desprez</subfield>
      </datafield>
      <datafield tag="240" ind1=" " ind2=" ">
        <subfield code="a">Missa de beata Virgine</subfield>
        <subfield code="m">V (5)</subfield>
      </datafield>
      <datafield tag="245" ind1=" " ind2=" ">
        <subfield code="a">[without title]</subfield>
      </datafield>
      <datafield tag="300" ind1=" " ind2=" ">
        <subfield code="a">Choirbook, fol. 115</subfield>
        <subfield code="8">01</subfield>
      </datafield>
      <datafield tag="500" ind1=" " ind2=" ">
        <subfield code="a"/>
        <subfield code="a">Textnachweis: Ordinarium missae</subfield>
        <subfield code="a">Komponist im Index: Josquin</subfield>
        <subfield code="a">1516/01</subfield>
        <subfield code="a">Antico</subfield>
        <subfield code="a">114v-129r</subfield>
        <subfield code="a">Josquin</subfield>
        <subfield code="a">Josquin Desprez (K: LaRue?)</subfield>
        <subfield code="a">Missa De Beata Virgine</subfield>
        <subfield code="a">1539/01</subfield>
        <subfield code="a">Petreius</subfield>
        <subfield code="a">e 3r (n. 5)</subfield>
        <subfield code="a">"Iosquin"</subfield>
        <subfield code="a">Josquin Desprez (K: LaRue?)</subfield>
        <subfield code="a">Missa De Beata Virgine</subfield>
        <subfield code="a">1543/19</subfield>
        <subfield code="a">Gardane</subfield>
        <subfield code="a">p. 36</subfield>
        <subfield code="a">Iusquin, nur Agnus II</subfield>
        <subfield code="a">Josquin Desprez (K: LaRue?)</subfield>
        <subfield code="a">Missa De Beata Virgine</subfield>
        <subfield code="a">1545/6</subfield>
        <subfield code="a">Rhaw</subfield>
        <subfield code="a">n. 63</subfield>
        <subfield code="a">Iosquin, nur Agnus II</subfield>
        <subfield code="a">Josquin Desprez (K: LaRue?)</subfield>
        <subfield code="a">Missa De Beata Virgine</subfield>
        <subfield code="a">1546/34</subfield>
        <subfield code="a">Mudarra</subfield>
        <subfield code="a">4-5,22-23v</subfield>
        <subfield code="a">Iosquin, Bearbeitungen von Kyrie I und cum sancto spirito</subfield>
        <subfield code="a">Josquin Desprez (K: LaRue?)</subfield>
        <subfield code="a">Missa De Beata Virgine</subfield>
        <subfield code="a">1547/01</subfield>
        <subfield code="a">Glarean, Dodecachordon</subfield>
        <subfield code="a">p. 305, 392-401</subfield>
        <subfield code="a">Iodocus a Prato, Agnus II; Iod., Gloria</subfield>
        <subfield code="a">Josquin Desprez (K: LaRue?)</subfield>
        <subfield code="a">Missa De Beata Virgine</subfield>
        <subfield code="a">1547/25</subfield>
        <subfield code="a">Valderrábano</subfield>
        <subfield code="a">51-53,73-74,85?</subfield>
        <subfield code="a">Josquin, Credo teilweise, bearbeit. von Kyrie II, Cum sancto spiritu</subfield>
        <subfield code="a">Josquin Desprez (K: LaRue?)</subfield>
        <subfield code="a">Missa De Beata Virgine</subfield>
        <subfield code="a">1552/29</subfield>
        <subfield code="a">Phalèse</subfield>
        <subfield code="a">p. 57</subfield>
        <subfield code="a">Anonymus, nur Cum sancto spirito</subfield>
        <subfield code="a">Josquin Desprez (K: LaRue?)</subfield>
        <subfield code="a">Missa De Beata Virgine</subfield>
        <subfield code="a">1552/35</subfield>
        <subfield code="a">Pisador</subfield>
        <subfield code="a">68-73v</subfield>
        <subfield code="a">Iusquin, Osanna, Benedictus, Agnus II/III fehlen.</subfield>
        <subfield code="a">Josquin Desprez (K: LaRue?)</subfield>
        <subfield code="a">Missa De Beata Virgine</subfield>
        <subfield code="a">1553/26</subfield>
        <subfield code="a">Gardane</subfield>
        <subfield code="a">p. 34</subfield>
        <subfield code="a">Iusquin, nur Ag II</subfield>
        <subfield code="a">Josquin Desprez (K: LaRue?)</subfield>
        <subfield code="a">Missa De Beata Virgine</subfield>
        <subfield code="a">1554/32</subfield>
        <subfield code="a">Montesdoca</subfield>
        <subfield code="a">73-77?</subfield>
        <subfield code="a">Iosquin, nur Credo</subfield>
        <subfield code="a">Josquin Desprez (K: LaRue?)</subfield>
        <subfield code="a">Missa De Beata Virgine</subfield>
        <subfield code="a">1556/34</subfield>
        <subfield code="a">Heckel</subfield>
        <subfield code="a">207-210</subfield>
        <subfield code="a">Iosquin, "Discant"(1st lute part), nur Cum sancto spirito</subfield>
        <subfield code="a">Josquin Desprez (K: LaRue?)</subfield>
        <subfield code="a">Missa De Beata Virgine</subfield>
        <subfield code="a">1578/24</subfield>
        <subfield code="a">Cabecon</subfield>
        <subfield code="a">68r-v, 103-104</subfield>
        <subfield code="a">Iusquin-Antonio de Cabecon (Cum sancto-Bearb.); Iusquin (Cum sancto)</subfield>
        <subfield code="a">Josquin Desprez (K: LaRue?)</subfield>
        <subfield code="a">Missa De Beata Virgine</subfield>
        <subfield code="a">1583/22</subfield>
        <subfield code="a">Ammerbach</subfield>
        <subfield code="a">101-102</subfield>
        <subfield code="a">Anonymus, nur Cum sancto spiritu</subfield>
        <subfield code="a">Josquin Desprez (K: LaRue?)</subfield>
        <subfield code="a">Missa De Beata Virgine</subfield>
        <subfield code="a">A-Wn</subfield>
        <subfield code="a">4809</subfield>
        <subfield code="a">23v-46r</subfield>
        <subfield code="a">Josquin</subfield>
        <subfield code="a">Josquin Desprez (K: LaRue?)</subfield>
        <subfield code="a">Missa De Beata Virgine</subfield>
        <subfield code="a">BAV</subfield>
        <subfield code="a">CG XII.2</subfield>
        <subfield code="a">143v-159r (Llorens: 74v-89r)</subfield>
        <subfield code="a">Josquin</subfield>
        <subfield code="a">Josquin Desprez (K: LaRue?)</subfield>
        <subfield code="a">Missa De Beata Virgine</subfield>
        <subfield code="a">BAV</subfield>
        <subfield code="a">CS 160 (=160003)</subfield>
        <subfield code="a">Josquin Desprez (K: LaRue?)</subfield>
        <subfield code="a">Missa De Beata Virgine</subfield>
        <subfield code="a">BAV</subfield>
        <subfield code="a">CS 23 (=23009)</subfield>
        <subfield code="a">135v-139r (Gloria), 129v-132r (Credo)</subfield>
        <subfield code="a">Josquin Desprez (K: LaRue?)</subfield>
        <subfield code="a">Missa De Beata Virgine</subfield>
        <subfield code="a">BAV</subfield>
        <subfield code="a">CS 45 (=45001)</subfield>
        <subfield code="a">1-15</subfield>
        <subfield code="a">Josquin des Prez</subfield>
        <subfield code="a">Josquin Desprez (K: LaRue?)</subfield>
        <subfield code="a">Missa De Beata Virgine</subfield>
        <subfield code="a">Ch-Bu</subfield>
        <subfield code="a">F.VI.26h</subfield>
        <subfield code="a">6b,6b</subfield>
        <subfield code="a">Anonymus, nur Credo, nur Altus, Bassus</subfield>
        <subfield code="a">Josquin Desprez (K: LaRue?)</subfield>
        <subfield code="a">Missa De Beata Virgine</subfield>
        <subfield code="a">Ch-Bu</subfield>
        <subfield code="a">F.X.21</subfield>
        <subfield code="a">33v</subfield>
        <subfield code="a">Anonymus, nur Cum sancto spiritu</subfield>
        <subfield code="a">Josquin Desprez (K: LaRue?)</subfield>
        <subfield code="a">Missa De Beata Virgine</subfield>
        <subfield code="a">CH-Zz</subfield>
        <subfield code="a">301</subfield>
        <subfield code="a">16-17</subfield>
        <subfield code="a">Anonymus, nur textloses AgII</subfield>
        <subfield code="a">Josquin Desprez (K: LaRue?)</subfield>
        <subfield code="a">Missa De Beata Virgine</subfield>
        <subfield code="a">D-B</subfield>
        <subfield code="a">40013</subfield>
        <subfield code="a">114v-131v</subfield>
        <subfield code="a">Iosquini, Missa Coronata, Kyrie anders, Anonymus</subfield>
        <subfield code="a">Josquin Desprez (K: LaRue?)</subfield>
        <subfield code="a">Missa De Beata Virgine</subfield>
        <subfield code="a">D-Dl</subfield>
        <subfield code="a">1/E/24</subfield>
        <subfield code="a">57-58(S)</subfield>
        <subfield code="a">Josquin, nur Cum sancto spitiro</subfield>
        <subfield code="a">Josquin Desprez (K: LaRue?)</subfield>
        <subfield code="a">Missa De Beata Virgine</subfield>
        <subfield code="a">D-Dl</subfield>
        <subfield code="a">B 265</subfield>
        <subfield code="a">N- 49</subfield>
        <subfield code="a">nur Cum sancto Spiritu</subfield>
        <subfield code="a">Josquin Desprez (K: LaRue?)</subfield>
        <subfield code="a">Missa De Beata Virgine</subfield>
        <subfield code="a">D-Dl</subfield>
        <subfield code="a">Grimma 52</subfield>
        <subfield code="a">n. [52]</subfield>
        <subfield code="a">Iosqu., nur Cum sancto spirito</subfield>
        <subfield code="a">Josquin Desprez (K: LaRue?)</subfield>
        <subfield code="a">Missa De Beata Virgine</subfield>
        <subfield code="a">D-Dl</subfield>
        <subfield code="a">Grimma 53</subfield>
        <subfield code="a">17-23(S)?</subfield>
        <subfield code="a">Josquin, nur KG</subfield>
        <subfield code="a">Josquin Desprez (K: LaRue?)</subfield>
        <subfield code="a">Missa De Beata Virgine</subfield>
        <subfield code="a">D-Dl</subfield>
        <subfield code="a">Grimma 59a</subfield>
        <subfield code="a">n. [1]</subfield>
        <subfield code="a">Anonymus, nur CSA</subfield>
        <subfield code="a">Josquin Desprez (K: LaRue?)</subfield>
        <subfield code="a">Missa De Beata Virgine</subfield>
        <subfield code="a">D-EI Karl-Alexander-Bibliothek</subfield>
        <subfield code="a">s.s., Kantionale</subfield>
        <subfield code="a">94v-100r</subfield>
        <subfield code="a">nur Kyrie und Gloria, Josquin de pres, Coronatum</subfield>
        <subfield code="a">Josquin Desprez (K: LaRue?)</subfield>
        <subfield code="a">Missa De Beata Virgine</subfield>
        <subfield code="a">D-GRu</subfield>
        <subfield code="a">640-1</subfield>
        <subfield code="a">n. 1</subfield>
        <subfield code="a">nur Cum sancto Spiritu, Josquin</subfield>
        <subfield code="a">Josquin Desprez (K: LaRue?)</subfield>
        <subfield code="a">Missa De Beata Virgine</subfield>
        <subfield code="a">D-Ju</subfield>
        <subfield code="a"> 7</subfield>
        <subfield code="a">61v-77r</subfield>
        <subfield code="a">Josquin des Pres, Missa De nostra domina</subfield>
        <subfield code="a">Josquin Desprez (K: LaRue?)</subfield>
        <subfield code="a">Missa De Beata Virgine</subfield>
        <subfield code="a">D-Ju</subfield>
        <subfield code="a">36</subfield>
        <subfield code="a">93v-98r</subfield>
        <subfield code="a">nur Credo, Iosquin des Pres</subfield>
        <subfield code="a">Josquin Desprez (K: LaRue?)</subfield>
        <subfield code="a">Missa De Beata Virgine</subfield>
        <subfield code="a">D-LEu</subfield>
        <subfield code="a">49</subfield>
        <subfield code="a">144 (S)</subfield>
        <subfield code="a">Anonymus, nur Cum sancto spiritu</subfield>
        <subfield code="a">Josquin Desprez (K: LaRue?)</subfield>
        <subfield code="a">Missa De Beata Virgine</subfield>
        <subfield code="a">D-Mbs</subfield>
        <subfield code="a">272</subfield>
        <subfield code="a">73-74?</subfield>
        <subfield code="a">Anonymus, nur Cum sancto spirito</subfield>
        <subfield code="a">Josquin Desprez (K: LaRue?)</subfield>
        <subfield code="a">Missa De Beata Virgine</subfield>
        <subfield code="a">D-Mbs</subfield>
        <subfield code="a">510</subfield>
        <subfield code="a">1v-23r</subfield>
        <subfield code="a">Anonymus</subfield>
        <subfield code="a">Josquin Desprez (K: LaRue?)</subfield>
        <subfield code="a">Missa De Beata Virgine</subfield>
        <subfield code="a">D-Mbs</subfield>
        <subfield code="a">C</subfield>
        <subfield code="a">41-71?, n. 2</subfield>
        <subfield code="a">Josquin de Press</subfield>
        <subfield code="a">Josquin Desprez (K: LaRue?)</subfield>
        <subfield code="a">Missa De Beata Virgine</subfield>
        <subfield code="a">D-Mu</subfield>
        <subfield code="a">718</subfield>
        <subfield code="a">111,114v,125v,148v</subfield>
        <subfield code="a">Anonymus, nur Cum sancto spirito</subfield>
        <subfield code="a">Josquin Desprez (K: LaRue?)</subfield>
        <subfield code="a">Missa De Beata Virgine</subfield>
        <subfield code="a">D-Ngm</subfield>
        <subfield code="a">83795</subfield>
        <subfield code="a">67-78(T)</subfield>
        <subfield code="a">Iosquin, Missa coronata</subfield>
        <subfield code="a">Josquin Desprez (K: LaRue?)</subfield>
        <subfield code="a">Missa De Beata Virgine</subfield>
        <subfield code="a">D-ROu</subfield>
        <subfield code="a">40</subfield>
        <subfield code="a">n. 3</subfield>
        <subfield code="a">Nur Kyrie und Gloria</subfield>
        <subfield code="a">Josquin Desprez (K: LaRue?)</subfield>
        <subfield code="a">Missa De Beata Virgine</subfield>
        <subfield code="a">D-ROu</subfield>
        <subfield code="a">49</subfield>
        <subfield code="a">n. 6</subfield>
        <subfield code="a">iosquin</subfield>
        <subfield code="a">Josquin Desprez (K: LaRue?)</subfield>
        <subfield code="a">Missa De Beata Virgine</subfield>
        <subfield code="a">D-Sl</subfield>
        <subfield code="a">44</subfield>
        <subfield code="a">57v-84r</subfield>
        <subfield code="a">Anonymus</subfield>
        <subfield code="a">Josquin Desprez (K: LaRue?)</subfield>
        <subfield code="a">Missa De Beata Virgine</subfield>
        <subfield code="a">D-Usch</subfield>
        <subfield code="a">237</subfield>
        <subfield code="a">34r-v(S)</subfield>
        <subfield code="a">nur Cum sancto Spiritu, Anonymus</subfield>
        <subfield code="a">Josquin Desprez (K: LaRue?)</subfield>
        <subfield code="a">Missa De Beata Virgine</subfield>
        <subfield code="a">D-W</subfield>
        <subfield code="a">A</subfield>
        <subfield code="a">1-27, n. 1</subfield>
        <subfield code="a">Iosquin de Press</subfield>
        <subfield code="a">Josquin Desprez (K: LaRue?)</subfield>
        <subfield code="a">Missa De Beata Virgine</subfield>
        <subfield code="a">D-WR</subfield>
        <subfield code="a">B</subfield>
        <subfield code="a">77-88, 113-119</subfield>
        <subfield code="a">KGC: Petri de Larue, SA: Iosquini</subfield>
        <subfield code="a">Josquin Desprez (K: LaRue?)</subfield>
        <subfield code="a">Missa De Beata Virgine</subfield>
        <subfield code="a">D-WR</subfield>
        <subfield code="a">Cod. s.S.</subfield>
        <subfield code="a">76v-85r(Ky, Glo, Cre),112v-115r (Sa),115v-118r(B,A</subfield>
        <subfield code="a">Josquin Desprez (K: LaRue?)</subfield>
        <subfield code="a">Missa De Beata Virgine</subfield>
        <subfield code="a">D-Z</subfield>
        <subfield code="a">13/3</subfield>
        <subfield code="a">6r-v</subfield>
        <subfield code="a">Josquini, teilw. Gloria</subfield>
        <subfield code="a">Josquin Desprez (K: LaRue?)</subfield>
        <subfield code="a">Missa De Beata Virgine</subfield>
        <subfield code="a">E-Tc</subfield>
        <subfield code="a">16</subfield>
        <subfield code="a">1-20?</subfield>
        <subfield code="a">Josquin</subfield>
        <subfield code="a">Josquin Desprez (K: LaRue?)</subfield>
        <subfield code="a">Missa De Beata Virgine</subfield>
        <subfield code="a">E-Tc, Obra y Fabrica</subfield>
        <subfield code="a">23</subfield>
        <subfield code="a">23-45</subfield>
        <subfield code="a">Josquin des Pres</subfield>
        <subfield code="a">Josquin Desprez (K: LaRue?)</subfield>
        <subfield code="a">Missa De Beata Virgine</subfield>
        <subfield code="a">F-CA</subfield>
        <subfield code="a">125-128</subfield>
        <subfield code="a">141r</subfield>
        <subfield code="a">nur Cum sancto spirito, Josquin de Pres</subfield>
        <subfield code="a">Josquin Desprez (K: LaRue?)</subfield>
        <subfield code="a">Missa De Beata Virgine</subfield>
        <subfield code="a">F-CA</subfield>
        <subfield code="a">18</subfield>
        <subfield code="a">200v-218r(198-218?)</subfield>
        <subfield code="a">Jossequin des Prez</subfield>
        <subfield code="a">Josquin Desprez (K: LaRue?)</subfield>
        <subfield code="a">Missa De Beata Virgine</subfield>
        <subfield code="a">F-CA</subfield>
        <subfield code="a">4</subfield>
        <subfield code="a">232v-250r</subfield>
        <subfield code="a">Anonymus</subfield>
        <subfield code="a">Josquin Desprez (K: LaRue?)</subfield>
        <subfield code="a">Missa De Beata Virgine</subfield>
        <subfield code="a">H-Bn</subfield>
        <subfield code="a">20</subfield>
        <subfield code="a">94-96, 116-119(S)</subfield>
        <subfield code="a">Josquin</subfield>
        <subfield code="a">Josquin Desprez (K: LaRue?)</subfield>
        <subfield code="a">Missa De Beata Virgine</subfield>
        <subfield code="a">H-Bn</subfield>
        <subfield code="a">24</subfield>
        <subfield code="a">41-42v(S)</subfield>
        <subfield code="a">Josquin</subfield>
        <subfield code="a">Josquin Desprez (K: LaRue?)</subfield>
        <subfield code="a">Missa De Beata Virgine</subfield>
        <subfield code="a">H-Bn</subfield>
        <subfield code="a">P6</subfield>
        <subfield code="a">10-12v(S)</subfield>
        <subfield code="a">Josquin</subfield>
        <subfield code="a">Josquin Desprez (K: LaRue?)</subfield>
        <subfield code="a">Missa De Beata Virgine</subfield>
        <subfield code="a">I-Bc</subfield>
        <subfield code="a">Q25</subfield>
        <subfield code="a">56-57??</subfield>
        <subfield code="a">Anonymus, nur KG</subfield>
        <subfield code="a">Josquin Desprez (K: LaRue?)</subfield>
        <subfield code="a">Missa De Beata Virgine</subfield>
        <subfield code="a">I-Bsp</subfield>
        <subfield code="a">A31</subfield>
        <subfield code="a">15-18??</subfield>
        <subfield code="a">Anonymus, nur C</subfield>
        <subfield code="a">Josquin Desprez (K: LaRue?)</subfield>
        <subfield code="a">Missa De Beata Virgine</subfield>
        <subfield code="a">I-Bsp</subfield>
        <subfield code="a">A38</subfield>
        <subfield code="a">133-135??</subfield>
        <subfield code="a">Anonymus, nur unvollst. G</subfield>
        <subfield code="a">Josquin Desprez (K: LaRue?)</subfield>
        <subfield code="a">Missa De Beata Virgine</subfield>
        <subfield code="a">I-Ma</subfield>
        <subfield code="a">46</subfield>
        <subfield code="a">11v-22r</subfield>
        <subfield code="a">Josquin</subfield>
        <subfield code="a">Josquin Desprez (K: LaRue?)</subfield>
        <subfield code="a">Missa De Beata Virgine</subfield>
        <subfield code="a">I-MOd</subfield>
        <subfield code="a">4</subfield>
        <subfield code="a">92-95?</subfield>
        <subfield code="a">Jusquin Depres, nur Credo</subfield>
        <subfield code="a">Josquin Desprez (K: LaRue?)</subfield>
        <subfield code="a">Missa De Beata Virgine</subfield>
        <subfield code="a">I-MOe</subfield>
        <subfield code="a">N 1.2 (Lat. 452 olim V. H. 2)</subfield>
        <subfield code="a">173v-178r</subfield>
        <subfield code="a">nur Credo, Josquin, Patrem de Villaige</subfield>
        <subfield code="a">Josquin Desprez (K: LaRue?)</subfield>
        <subfield code="a">Missa De Beata Virgine</subfield>
        <subfield code="a">I-TVd</subfield>
        <subfield code="a">9</subfield>
        <subfield code="a">106-111</subfield>
        <subfield code="a">Anonymus, nur C</subfield>
        <subfield code="a">Josquin Desprez (K: LaRue?)</subfield>
        <subfield code="a">Missa De Beata Virgine</subfield>
        <subfield code="a">J673 (1514)</subfield>
        <subfield code="a">Petrucci</subfield>
        <subfield code="a">n. 5</subfield>
        <subfield code="a">Missarum, Liber tertius</subfield>
        <subfield code="a">Josquin Desprez (K: LaRue?)</subfield>
        <subfield code="a">Missa De Beata Virgine</subfield>
        <subfield code="a">J674 (1516)</subfield>
        <subfield code="a">Petrucci</subfield>
        <subfield code="a">n. 5</subfield>
        <subfield code="a">Missarum, Liber tertius</subfield>
        <subfield code="a">Josquin Desprez (K: LaRue?)</subfield>
        <subfield code="a">Missa De Beata Virgine</subfield>
        <subfield code="a">J675 (1526)</subfield>
        <subfield code="a">Guinta/Pasoti/Dorico</subfield>
        <subfield code="a">n. 5</subfield>
        <subfield code="a">Missarum, Liber tertius</subfield>
        <subfield code="a">Josquin Desprez (K: LaRue?)</subfield>
        <subfield code="a">Missa De Beata Virgine</subfield>
        <subfield code="a">N522 (=1536/13)</subfield>
        <subfield code="a">Newsidler, Der ander theil</subfield>
        <subfield code="a">Z4-aa1 (n. 40)</subfield>
        <subfield code="a">Joß quin de preß, (Lautentab.)</subfield>
        <subfield code="a">Josquin Desprez (K: LaRue?)</subfield>
        <subfield code="a">Missa De Beata Virgine</subfield>
        <subfield code="a">NL-Amst.Tonk.</subfield>
        <subfield code="a">27</subfield>
        <subfield code="a">24-25?</subfield>
        <subfield code="a">Ioss Quinn, nur Cum sancto spirito</subfield>
        <subfield code="a">Josquin Desprez (K: LaRue?)</subfield>
        <subfield code="a">Missa De Beata Virgine</subfield>
        <subfield code="a">PL-Wsm?</subfield>
        <subfield code="a">564</subfield>
        <subfield code="a">p. 19-21, p. 242-243</subfield>
        <subfield code="a">Josquini, Josquin, 2x Cum sancto spirito</subfield>
        <subfield code="a">Josquin Desprez (K: LaRue?)</subfield>
        <subfield code="a">Missa De Beata Virgine</subfield>
        <subfield code="a">S-Uu</subfield>
        <subfield code="a">76b</subfield>
        <subfield code="a">97-108?</subfield>
        <subfield code="a">Anonymus, untextiert, Ag II/III fehlen</subfield>
        <subfield code="a">Josquin Desprez (K: LaRue?)</subfield>
        <subfield code="a">Missa De Beata Virgine</subfield>
        <subfield code="a">S-Uu</subfield>
        <subfield code="a">76c</subfield>
        <subfield code="a">1-10?</subfield>
        <subfield code="a">Anonymus</subfield>
        <subfield code="a">Josquin Desprez (K: LaRue?)</subfield>
        <subfield code="a">Missa De Beata Virgine</subfield>
        <subfield code="a">Josquin</subfield>
      </datafield>
      <datafield tag="691" ind1=" " ind2=" ">
        <subfield code="a">JosquinW</subfield>
        <subfield code="n">Missen,  vol. 3,  p. 125-165.</subfield>
        <subfield code="0"> vol. 3</subfield>
      </datafield>
      <datafield tag="730" ind1=" " ind2=" ">
        <subfield code="a">Missa de beata Virgine</subfield>
      </datafield>
      <datafield tag="730" ind1=" " ind2=" ">
        <subfield code="a">Messe</subfield>
      </datafield>
      <datafield tag="773" ind1=" " ind2=" ">
        <subfield code="w">85700037</subfield>
      </datafield>
      <datafield tag="852" ind1=" " ind2=" ">
        <subfield code="a">V-CVbav</subfield>
        <subfield code="c">CS 209</subfield>
        <subfield code="z">Fondo Cappella Sistina</subfield>
      </datafield>
      <datafield tag="593" ind1=" " ind2=" ">
        <subfield code="a">Print</subfield>
        <subfield code="8">01</subfield>
      </datafield>
      <datafield tag="594" ind1=" " ind2=" ">
        <subfield code="b">C</subfield>
        <subfield code="c">1</subfield>
      </datafield>
      <datafield tag="594" ind1=" " ind2=" ">
        <subfield code="b">A</subfield>
        <subfield code="c">3</subfield>
      </datafield>
      <datafield tag="594" ind1=" " ind2=" ">
        <subfield code="b">V</subfield>
        <subfield code="c">5</subfield>
      </datafield>
    </record>