
    <record>
      <leader>00000ncd a2200000 u 4500</leader>
      <controlfield tag="001">85701559</controlfield>
      <datafield tag="031" ind1=" " ind2=" ">
        <subfield code="a">1</subfield>
        <subfield code="b">1</subfield>
        <subfield code="c">1</subfield>
        <subfield code="d">Missa ad fugam</subfield>
        <subfield code="t">Kyrie</subfield>
        <subfield code="m">4, Canon pange laxando trium in subdiapenthe</subfield>
        <subfield code="q">composed by Josquin Desprez</subfield>
      </datafield>
      <datafield tag="031" ind1=" " ind2=" ">
        <subfield code="a">1</subfield>
        <subfield code="b">2</subfield>
        <subfield code="c">1</subfield>
        <subfield code="d">Missa ad fugam</subfield>
        <subfield code="t">[Gloria] Et in terra</subfield>
        <subfield code="m">V 4</subfield>
        <subfield code="q">composed by Josquin Desprez</subfield>
      </datafield>
      <datafield tag="031" ind1=" " ind2=" ">
        <subfield code="a">1</subfield>
        <subfield code="b">3</subfield>
        <subfield code="c">1</subfield>
        <subfield code="d">Missa ad fugam</subfield>
        <subfield code="t">[Credo] Patrem</subfield>
        <subfield code="m">V 4</subfield>
        <subfield code="q">composed by Josquin Desprez</subfield>
      </datafield>
      <datafield tag="031" ind1=" " ind2=" ">
        <subfield code="a">1</subfield>
        <subfield code="b">4</subfield>
        <subfield code="c">1</subfield>
        <subfield code="d">Missa ad fugam</subfield>
        <subfield code="t">Sanctus</subfield>
        <subfield code="m">4 (Pleni: 3, Benedictus: 2, 3 si placet)</subfield>
        <subfield code="q">composed by Josquin Desprez</subfield>
      </datafield>
      <datafield tag="031" ind1=" " ind2=" ">
        <subfield code="a">1</subfield>
        <subfield code="b">5</subfield>
        <subfield code="c">1</subfield>
        <subfield code="d">Missa ad fugam</subfield>
        <subfield code="t">Agnus Dei</subfield>
        <subfield code="m">4 (A II 2, 3 si placet)</subfield>
        <subfield code="q">composed by Josquin Desprez</subfield>
        <subfield code="q">A III supra I</subfield>
      </datafield>
      <datafield tag="100" ind1=" " ind2=" ">
        <subfield code="a">Josquin Desprez</subfield>
      </datafield>
      <datafield tag="240" ind1=" " ind2=" ">
        <subfield code="a">Missa ad fugam</subfield>
        <subfield code="m">V (4)</subfield>
      </datafield>
      <datafield tag="245" ind1=" " ind2=" ">
        <subfield code="a">[without title]</subfield>
      </datafield>
      <datafield tag="300" ind1=" " ind2=" ">
        <subfield code="a">Choirbook, fol. 130</subfield>
        <subfield code="8">01</subfield>
      </datafield>
      <datafield tag="500" ind1=" " ind2=" ">
        <subfield code="a"/>
        <subfield code="a">Textnachweis: Ordinarium missae</subfield>
        <subfield code="a">Komponist im Index: Josquin</subfield>
        <subfield code="a">1537/kr</subfield>
        <subfield code="a">Heyden, Musica</subfield>
        <subfield code="a">p. 88-89</subfield>
        <subfield code="a">Anonymus, nur Benedictus</subfield>
        <subfield code="a">Josquin Desprez</subfield>
        <subfield code="a">Missa ad fugam</subfield>
        <subfield code="a">1540/kr</subfield>
        <subfield code="a">Heyden, De arte</subfield>
        <subfield code="a">p. 106-107</subfield>
        <subfield code="a">Anonymus, nur Benedictus</subfield>
        <subfield code="a">Josquin Desprez</subfield>
        <subfield code="a">Missa ad fugam</subfield>
        <subfield code="a">1547/01</subfield>
        <subfield code="a">Gla</subfield>
        <subfield code="a">p. 219</subfield>
        <subfield code="a">Anonymus, nur Benedictus</subfield>
        <subfield code="a">Josquin Desprez</subfield>
        <subfield code="a">Missa ad fugam</subfield>
        <subfield code="a">1547/25</subfield>
        <subfield code="a">Valderrábano</subfield>
        <subfield code="a">84r-85r</subfield>
        <subfield code="a">Iosquin, Tabulatur, nur Cum sancto spirito</subfield>
        <subfield code="a">Josquin Desprez</subfield>
        <subfield code="a">Missa ad fugam</subfield>
        <subfield code="a">1552/35</subfield>
        <subfield code="a">Pisador</subfield>
        <subfield code="a">41r-46r</subfield>
        <subfield code="a">Iusqun, Ag II fehlt</subfield>
        <subfield code="a">Josquin Desprez</subfield>
        <subfield code="a">Missa ad fugam</subfield>
        <subfield code="a">1563/kr</subfield>
        <subfield code="a">Wilfingseder, Erotemata</subfield>
        <subfield code="a">p. 180-187</subfield>
        <subfield code="a">Anonymus, nur Benedictus</subfield>
        <subfield code="a">Josquin Desprez</subfield>
        <subfield code="a">Missa ad fugam</subfield>
        <subfield code="a">BAV</subfield>
        <subfield code="a">CS 49</subfield>
        <subfield code="a">129r-140r</subfield>
        <subfield code="a">Anonymus</subfield>
        <subfield code="a">Josquin Desprez</subfield>
        <subfield code="a">Missa ad fugam</subfield>
        <subfield code="a">D-Ju</subfield>
        <subfield code="a">31</subfield>
        <subfield code="a">67r-73r</subfield>
        <subfield code="a">"substantial variants"</subfield>
        <subfield code="a">Josquin Desprez</subfield>
        <subfield code="a">Missa ad fugam</subfield>
        <subfield code="a">GB-Lbl</subfield>
        <subfield code="a">4911</subfield>
        <subfield code="a">29r-30r</subfield>
        <subfield code="a">Anonymus, nur Benedictus</subfield>
        <subfield code="a">Josquin Desprez</subfield>
        <subfield code="a">Missa ad fugam</subfield>
        <subfield code="a">J673 (1514)</subfield>
        <subfield code="a">Petrucci</subfield>
        <subfield code="a">n. 3</subfield>
        <subfield code="a">Missarum, Liber tertius</subfield>
        <subfield code="a">Josquin Desprez</subfield>
        <subfield code="a">Missa ad fugam</subfield>
        <subfield code="a">J674 (1516)</subfield>
        <subfield code="a">Petrucci</subfield>
        <subfield code="a">n. 3</subfield>
        <subfield code="a">Missarum, Liber tertius</subfield>
        <subfield code="a">Josquin Desprez</subfield>
        <subfield code="a">Missa ad fugam</subfield>
        <subfield code="a">J675 (1526)</subfield>
        <subfield code="a">Giunta/Pasoti/Dorico</subfield>
        <subfield code="a">n. 3</subfield>
        <subfield code="a">Missarum, Liber tertius</subfield>
        <subfield code="a">Josquin Desprez</subfield>
        <subfield code="a">Missa ad fugam</subfield>
        <subfield code="a">Josquin</subfield>
      </datafield>
      <datafield tag="691" ind1=" " ind2=" ">
        <subfield code="a">JosquinW</subfield>
        <subfield code="n">Missen,  vol. 3,  p. 61-91.</subfield>
        <subfield code="0"> vol. 3</subfield>
      </datafield>
      <datafield tag="730" ind1=" " ind2=" ">
        <subfield code="a">Missa ad fugam</subfield>
      </datafield>
      <datafield tag="730" ind1=" " ind2=" ">
        <subfield code="a">Messe</subfield>
      </datafield>
      <datafield tag="773" ind1=" " ind2=" ">
        <subfield code="w">85700037</subfield>
      </datafield>
      <datafield tag="852" ind1=" " ind2=" ">
        <subfield code="a">V-CVbav</subfield>
        <subfield code="c">CS 209</subfield>
        <subfield code="z">Fondo Cappella Sistina</subfield>
      </datafield>
      <datafield tag="593" ind1=" " ind2=" ">
        <subfield code="a">Print</subfield>
        <subfield code="8">01</subfield>
      </datafield>
      <datafield tag="594" ind1=" " ind2=" ">
        <subfield code="b">V</subfield>
        <subfield code="c">4</subfield>
      </datafield>
    </record>