
    <record>
      <leader>00000ncd a2200000 u 4500</leader>
      <controlfield tag="001">85701561</controlfield>
      <datafield tag="100" ind1=" " ind2=" ">
        <subfield code="a">Brumel, Antoine</subfield>
      </datafield>
      <datafield tag="240" ind1=" " ind2=" ">
        <subfield code="a">Missa A l'ombre dung buyssonet</subfield>
        <subfield code="m">V (X)</subfield>
      </datafield>
      <datafield tag="245" ind1=" " ind2=" ">
        <subfield code="a">[without title]</subfield>
      </datafield>
      <datafield tag="300" ind1=" " ind2=" ">
        <subfield code="a">Choirbook, fol. 150</subfield>
        <subfield code="8">01</subfield>
      </datafield>
      <datafield tag="500" ind1=" " ind2=" ">
        <subfield code="a"/>
        <subfield code="a">Textnachweis: Ordinarium missae</subfield>
        <subfield code="a">Komponist im Index: Brumel</subfield>
        <subfield code="a">1516/01</subfield>
        <subfield code="a">Antico</subfield>
        <subfield code="a">149v-152r</subfield>
        <subfield code="a">Brumel, Antoine</subfield>
        <subfield code="a">Missa A l'ombre dung buyssonet</subfield>
        <subfield code="a">1539/01</subfield>
        <subfield code="a">Petreius</subfield>
        <subfield code="a">SS 2v (S-Stb.) und [Q 4]r im B-Stb. (n. 13)</subfield>
        <subfield code="a">"Anthon. Brumel"</subfield>
        <subfield code="a">Brumel, Antoine</subfield>
        <subfield code="a">Missa A l'ombre dung buyssonet</subfield>
        <subfield code="a">D-HEu</subfield>
        <subfield code="a">cpg 318</subfield>
        <subfield code="a">9v</subfield>
        <subfield code="a">Brumel, Antoine</subfield>
        <subfield code="a">Missa A l'ombre dung buyssonet</subfield>
        <subfield code="a">D-HRD</subfield>
        <subfield code="a">9820</subfield>
        <subfield code="a">15r-38r</subfield>
        <subfield code="a">"Brumel"</subfield>
        <subfield code="a">Brumel, Antoine</subfield>
        <subfield code="a">Missa A l'ombre dung buyssonet</subfield>
        <subfield code="a">I-Tn</subfield>
        <subfield code="a">I.27</subfield>
        <subfield code="a">62v-67r</subfield>
        <subfield code="a">Brumel, Antoine</subfield>
        <subfield code="a">Missa A l'ombre dung buyssonet</subfield>
        <subfield code="a">Brumel</subfield>
      </datafield>
      <datafield tag="691" ind1=" " ind2=" ">
        <subfield code="a">Brumel OO</subfield>
        <subfield code="n">vol. 4,  p. 52-64</subfield>
        <subfield code="0"> p. 52-64</subfield>
      </datafield>
      <datafield tag="730" ind1=" " ind2=" ">
        <subfield code="a">Missa A l'ombre dung buyssonet</subfield>
      </datafield>
      <datafield tag="730" ind1=" " ind2=" ">
        <subfield code="a">Messe</subfield>
      </datafield>
      <datafield tag="773" ind1=" " ind2=" ">
        <subfield code="w">85700037</subfield>
      </datafield>
      <datafield tag="852" ind1=" " ind2=" ">
        <subfield code="a">V-CVbav</subfield>
        <subfield code="c">CS 209</subfield>
        <subfield code="z">Fondo Cappella Sistina</subfield>
      </datafield>
      <datafield tag="593" ind1=" " ind2=" ">
        <subfield code="a">Print</subfield>
        <subfield code="8">01</subfield>
      </datafield>
    </record>