
    <record>
      <leader>00000ncd a2200000 u 4500</leader>
      <controlfield tag="001">85701562</controlfield>
      <datafield tag="100" ind1=" " ind2=" ">
        <subfield code="a">La Rue, Pierre de</subfield>
      </datafield>
      <datafield tag="240" ind1=" " ind2=" ">
        <subfield code="a">Missa O salutaris hostia</subfield>
        <subfield code="m">V (X)</subfield>
      </datafield>
      <datafield tag="245" ind1=" " ind2=" ">
        <subfield code="a">[without title]</subfield>
      </datafield>
      <datafield tag="300" ind1=" " ind2=" ">
        <subfield code="a">Choirbook, fol. 153</subfield>
        <subfield code="8">01</subfield>
      </datafield>
      <datafield tag="500" ind1=" " ind2=" ">
        <subfield code="a"/>
        <subfield code="a">Textnachweis: Ordinarium missae</subfield>
        <subfield code="a">Komponist im Index: Pierre de la Rue</subfield>
        <subfield code="a">1516/01</subfield>
        <subfield code="a">Antico</subfield>
        <subfield code="a">La Rue, Pierre de</subfield>
        <subfield code="a">Missa O salutaris hostia</subfield>
        <subfield code="a">1537/kr</subfield>
        <subfield code="a">Heyden, Musica</subfield>
        <subfield code="a">p. 108</subfield>
        <subfield code="a">Pl</subfield>
        <subfield code="a">La Rue, Pierre de</subfield>
        <subfield code="a">Missa O salutaris hostia</subfield>
        <subfield code="a">1547/01</subfield>
        <subfield code="a">Glarean, Dodecachordon</subfield>
        <subfield code="a">p. 242</subfield>
        <subfield code="a">Ky, Pl</subfield>
        <subfield code="a">La Rue, Pierre de</subfield>
        <subfield code="a">Missa O salutaris hostia</subfield>
        <subfield code="a">1590/30</subfield>
        <subfield code="a">Paix, Selectae ... fugae</subfield>
        <subfield code="a">Ex. III</subfield>
        <subfield code="a">Pl</subfield>
        <subfield code="a">La Rue, Pierre de</subfield>
        <subfield code="a">Missa O salutaris hostia</subfield>
        <subfield code="a">1597/kr</subfield>
        <subfield code="a">Morley</subfield>
        <subfield code="a">?</subfield>
        <subfield code="a">Ky I</subfield>
        <subfield code="a">La Rue, Pierre de</subfield>
        <subfield code="a">Missa O salutaris hostia</subfield>
        <subfield code="a">D-B</subfield>
        <subfield code="a">30326</subfield>
        <subfield code="a">Ex. 13</subfield>
        <subfield code="a">"Petri Platensis" Ky I</subfield>
        <subfield code="a">La Rue, Pierre de</subfield>
        <subfield code="a">Missa O salutaris hostia</subfield>
        <subfield code="a">D-HEu</subfield>
        <subfield code="a">cpg 318</subfield>
        <subfield code="a">9v</subfield>
        <subfield code="a">La Rue, Pierre de</subfield>
        <subfield code="a">Missa O salutaris hostia</subfield>
        <subfield code="a">D-HRD</subfield>
        <subfield code="a">9820</subfield>
        <subfield code="a">1r-20v</subfield>
        <subfield code="a">"P. de Larue"</subfield>
        <subfield code="a">La Rue, Pierre de</subfield>
        <subfield code="a">Missa O salutaris hostia</subfield>
        <subfield code="a">E-MO</subfield>
        <subfield code="a">773</subfield>
        <subfield code="a">79v-84r</subfield>
        <subfield code="a">"Petrus de la Rue"</subfield>
        <subfield code="a">La Rue, Pierre de</subfield>
        <subfield code="a">Missa O salutaris hostia</subfield>
        <subfield code="a">Pierre de la Rue</subfield>
      </datafield>
      <datafield tag="730" ind1=" " ind2=" ">
        <subfield code="a">Missa O salutaris hostia</subfield>
      </datafield>
      <datafield tag="730" ind1=" " ind2=" ">
        <subfield code="a">Messe</subfield>
      </datafield>
      <datafield tag="773" ind1=" " ind2=" ">
        <subfield code="w">85700037</subfield>
      </datafield>
      <datafield tag="852" ind1=" " ind2=" ">
        <subfield code="a">V-CVbav</subfield>
        <subfield code="c">CS 209</subfield>
        <subfield code="z">Fondo Cappella Sistina</subfield>
      </datafield>
      <datafield tag="593" ind1=" " ind2=" ">
        <subfield code="a">Print</subfield>
        <subfield code="8">01</subfield>
      </datafield>
    </record>