
    <record>
      <leader>00000ncd a2200000 u 4500</leader>
      <controlfield tag="001">85701563</controlfield>
      <datafield tag="100" ind1=" " ind2=" ">
        <subfield code="a">Brumel, Antoine</subfield>
      </datafield>
      <datafield tag="240" ind1=" " ind2=" ">
        <subfield code="a">Missa pro defunctis</subfield>
        <subfield code="m">V (X)</subfield>
      </datafield>
      <datafield tag="245" ind1=" " ind2=" ">
        <subfield code="a">[without title]</subfield>
      </datafield>
      <datafield tag="300" ind1=" " ind2=" ">
        <subfield code="a">Choirbook, fol. 156</subfield>
        <subfield code="8">01</subfield>
      </datafield>
      <datafield tag="500" ind1=" " ind2=" ">
        <subfield code="a"/>
        <subfield code="a">Textnachweis: Ordinarium pro defunctis</subfield>
        <subfield code="a">Komponist im Index: Brumel</subfield>
        <subfield code="a">1522</subfield>
        <subfield code="a">Giunta&amp;Pasoti</subfield>
        <subfield code="a">n. 8</subfield>
        <subfield code="a">Brumel, Antoine</subfield>
        <subfield code="a">Missa pro defunctis</subfield>
        <subfield code="a">CH-SGs</subfield>
        <subfield code="a">463</subfield>
        <subfield code="a">n. 114</subfield>
        <subfield code="a">"Antonius Brumel", nur Introitus, nur S, A</subfield>
        <subfield code="a">Brumel, Antoine</subfield>
        <subfield code="a">Missa pro defunctis</subfield>
        <subfield code="a">D-HEu</subfield>
        <subfield code="a">cpg 318</subfield>
        <subfield code="a">9v und 36r</subfield>
        <subfield code="a">Brumel, Antoine</subfield>
        <subfield code="a">Missa pro defunctis</subfield>
        <subfield code="a">Brumel</subfield>
      </datafield>
      <datafield tag="691" ind1=" " ind2=" ">
        <subfield code="a">Brumel OO</subfield>
        <subfield code="n">vol. 4,  p. 65-79</subfield>
        <subfield code="0"> p. 65-79</subfield>
      </datafield>
      <datafield tag="730" ind1=" " ind2=" ">
        <subfield code="a">Missa pro defunctis</subfield>
      </datafield>
      <datafield tag="730" ind1=" " ind2=" ">
        <subfield code="a">Requiem</subfield>
      </datafield>
      <datafield tag="773" ind1=" " ind2=" ">
        <subfield code="w">85700037</subfield>
      </datafield>
      <datafield tag="852" ind1=" " ind2=" ">
        <subfield code="a">V-CVbav</subfield>
        <subfield code="c">CS 209</subfield>
        <subfield code="z">Fondo Cappella Sistina</subfield>
      </datafield>
      <datafield tag="593" ind1=" " ind2=" ">
        <subfield code="a">Print</subfield>
        <subfield code="8">01</subfield>
      </datafield>
    </record>