
    <record>
      <leader>00000ncd a2200000 u 4500</leader>
      <controlfield tag="001">85701567</controlfield>
      <datafield tag="100" ind1=" " ind2=" ">
        <subfield code="a">Mouton, Jean</subfield>
      </datafield>
      <datafield tag="240" ind1=" " ind2=" ">
        <subfield code="a">Missa Quem dicunt homines</subfield>
        <subfield code="m">V (X)</subfield>
      </datafield>
      <datafield tag="245" ind1=" " ind2=" ">
        <subfield code="a">[without title]</subfield>
      </datafield>
      <datafield tag="300" ind1=" " ind2=" ">
        <subfield code="a">Choirbook, fol. 37</subfield>
        <subfield code="8">01</subfield>
      </datafield>
      <datafield tag="500" ind1=" " ind2=" ">
        <subfield code="a"/>
        <subfield code="a">Textnachweis: Ordinarium missae</subfield>
        <subfield code="a">Komponist im Index: Jo. Mouton</subfield>
        <subfield code="a">1532/8</subfield>
        <subfield code="a">Moderne</subfield>
        <subfield code="a">37v-44r</subfield>
        <subfield code="a">Mouton, Jean</subfield>
        <subfield code="a">Missa Quem dicunt homines</subfield>
        <subfield code="a">1540/1</subfield>
        <subfield code="a">Moderne</subfield>
        <subfield code="a">37v-44r</subfield>
        <subfield code="a">Mouton, Jean</subfield>
        <subfield code="a">Missa Quem dicunt homines</subfield>
        <subfield code="a">1559/kr (s. M4016?)</subfield>
        <subfield code="a">Privatkopie ohne Titel, Wiesbaden</subfield>
        <subfield code="a">n. 3</subfield>
        <subfield code="a">Mouton, Jean</subfield>
        <subfield code="a">Missa Quem dicunt homines</subfield>
        <subfield code="a">D-Bgsa</subfield>
        <subfield code="a">7 (olim Königsberg 1740)</subfield>
        <subfield code="a">43v-48v</subfield>
        <subfield code="a">B-Stb. "Jo: Moton"</subfield>
        <subfield code="a">Mouton, Jean</subfield>
        <subfield code="a">Missa Quem dicunt homines</subfield>
        <subfield code="a">D-HEu</subfield>
        <subfield code="a">cpg 318</subfield>
        <subfield code="a">3v</subfield>
        <subfield code="a">Mouton, Jean</subfield>
        <subfield code="a">Missa Quem dicunt homines</subfield>
        <subfield code="a">E-Tc</subfield>
        <subfield code="a">19</subfield>
        <subfield code="a">1v-18r</subfield>
        <subfield code="a">Mouton, Jean</subfield>
        <subfield code="a">Missa Quem dicunt homines</subfield>
        <subfield code="a">M4016 (1559)</subfield>
        <subfield code="a">s.l., s.n.</subfield>
        <subfield code="a">Chb.</subfield>
        <subfield code="a">Mouton, Jean</subfield>
        <subfield code="a">Missa Quem dicunt homines</subfield>
        <subfield code="a">Pl-Kj (D-B)</subfield>
        <subfield code="a">Ms.Mus.40175</subfield>
        <subfield code="a">10r-14v</subfield>
        <subfield code="a">Stb.</subfield>
        <subfield code="a">Mouton, Jean</subfield>
        <subfield code="a">Missa Quem dicunt homines</subfield>
        <subfield code="a">Jo. Mouton</subfield>
      </datafield>
      <datafield tag="691" ind1=" " ind2=" ">
        <subfield code="a">Mouton OO</subfield>
        <subfield code="n">vol. 3,  p. 40-64.</subfield>
        <subfield code="0"> p. 40-64.</subfield>
      </datafield>
      <datafield tag="730" ind1=" " ind2=" ">
        <subfield code="a">Missa Quem dicunt homines</subfield>
      </datafield>
      <datafield tag="730" ind1=" " ind2=" ">
        <subfield code="a">Messe</subfield>
      </datafield>
      <datafield tag="773" ind1=" " ind2=" ">
        <subfield code="w">85700038</subfield>
      </datafield>
      <datafield tag="852" ind1=" " ind2=" ">
        <subfield code="a">V-CVbav</subfield>
        <subfield code="c">CS 210</subfield>
        <subfield code="z">Fondo Cappella Sistina</subfield>
      </datafield>
      <datafield tag="593" ind1=" " ind2=" ">
        <subfield code="a">Print</subfield>
        <subfield code="8">01</subfield>
      </datafield>
    </record>