
    <record>
      <leader>00000ncd a2200000 u 4500</leader>
      <controlfield tag="001">85701570</controlfield>
      <datafield tag="100" ind1=" " ind2=" ">
        <subfield code="a">Lupus</subfield>
      </datafield>
      <datafield tag="240" ind1=" " ind2=" ">
        <subfield code="a">Missa Ferrarie dux Hercules</subfield>
        <subfield code="m">V (X)</subfield>
      </datafield>
      <datafield tag="245" ind1=" " ind2=" ">
        <subfield code="a">[without title]</subfield>
      </datafield>
      <datafield tag="300" ind1=" " ind2=" ">
        <subfield code="a">Choirbook, fol. 63</subfield>
        <subfield code="8">01</subfield>
      </datafield>
      <datafield tag="500" ind1=" " ind2=" ">
        <subfield code="a"/>
        <subfield code="a">Textnachweis: Ordinarium missae</subfield>
        <subfield code="a">Komponist im Index: Lupus</subfield>
        <subfield code="a">1538/02</subfield>
        <subfield code="a">Moderne</subfield>
        <subfield code="a">Lupus</subfield>
        <subfield code="a">Missa Ferrarie dux Hercules</subfield>
        <subfield code="a">D-Dl</subfield>
        <subfield code="a">Pirna IV</subfield>
        <subfield code="a">70v-96r</subfield>
        <subfield code="a">Lupus</subfield>
        <subfield code="a">Missa Ferrarie Dux Hercules</subfield>
        <subfield code="a">D-ERu</subfield>
        <subfield code="a">473/1</subfield>
        <subfield code="a">72v-115r</subfield>
        <subfield code="a">"Lupus"</subfield>
        <subfield code="a">Lupus</subfield>
        <subfield code="a">Missa Ferrarie Dux Hercules</subfield>
        <subfield code="a">D-HEu</subfield>
        <subfield code="a">cpg 318</subfield>
        <subfield code="a">4v</subfield>
        <subfield code="a">Lupus</subfield>
        <subfield code="a">Missa Ferrarie dux Hercules</subfield>
        <subfield code="a">Lupus</subfield>
      </datafield>
      <datafield tag="730" ind1=" " ind2=" ">
        <subfield code="a">Missa Ferrarie dux Hercules</subfield>
      </datafield>
      <datafield tag="730" ind1=" " ind2=" ">
        <subfield code="a">Messe</subfield>
      </datafield>
      <datafield tag="773" ind1=" " ind2=" ">
        <subfield code="w">85700038</subfield>
      </datafield>
      <datafield tag="852" ind1=" " ind2=" ">
        <subfield code="a">V-CVbav</subfield>
        <subfield code="c">CS 210</subfield>
        <subfield code="z">Fondo Cappella Sistina</subfield>
      </datafield>
      <datafield tag="593" ind1=" " ind2=" ">
        <subfield code="a">Print</subfield>
        <subfield code="8">01</subfield>
      </datafield>
    </record>