
    <record>
      <leader>00000ncd a2200000 u 4500</leader>
      <controlfield tag="001">85701571</controlfield>
      <datafield tag="100" ind1=" " ind2=" ">
        <subfield code="a">Janequin, Clément</subfield>
      </datafield>
      <datafield tag="240" ind1=" " ind2=" ">
        <subfield code="a">Missa La bataille</subfield>
        <subfield code="m">V (X)</subfield>
      </datafield>
      <datafield tag="245" ind1=" " ind2=" ">
        <subfield code="a">[without title]</subfield>
      </datafield>
      <datafield tag="300" ind1=" " ind2=" ">
        <subfield code="a">Choirbook, fol. 73</subfield>
        <subfield code="8">01</subfield>
      </datafield>
      <datafield tag="500" ind1=" " ind2=" ">
        <subfield code="a"/>
        <subfield code="a">Textnachweis: Ordinarium missae</subfield>
        <subfield code="a">Komponist im Index: Janecquin</subfield>
        <subfield code="a">D-B</subfield>
        <subfield code="a">40175</subfield>
        <subfield code="a">2r-9v (S)</subfield>
        <subfield code="a">"Schlacht mess" Stb.</subfield>
        <subfield code="a">Janequin, Clément</subfield>
        <subfield code="a">Missa La bataille</subfield>
        <subfield code="a">I-CFm</subfield>
        <subfield code="a">53</subfield>
        <subfield code="a">Nr. 14</subfield>
        <subfield code="a">Janequin, Clément</subfield>
        <subfield code="a">Missa La bataille</subfield>
        <subfield code="a">Janecquin</subfield>
      </datafield>
      <datafield tag="730" ind1=" " ind2=" ">
        <subfield code="a">Missa La bataille</subfield>
      </datafield>
      <datafield tag="730" ind1=" " ind2=" ">
        <subfield code="a">Messe</subfield>
      </datafield>
      <datafield tag="773" ind1=" " ind2=" ">
        <subfield code="w">85700038</subfield>
      </datafield>
      <datafield tag="852" ind1=" " ind2=" ">
        <subfield code="a">V-CVbav</subfield>
        <subfield code="c">CS 210</subfield>
        <subfield code="z">Fondo Cappella Sistina</subfield>
      </datafield>
      <datafield tag="593" ind1=" " ind2=" ">
        <subfield code="a">Print</subfield>
        <subfield code="8">01</subfield>
      </datafield>
    </record>