
    <record>
      <leader>00000ncd a2200000 u 4500</leader>
      <controlfield tag="001">85701577</controlfield>
      <datafield tag="100" ind1=" " ind2=" ">
        <subfield code="a">Layolle, Francesco de</subfield>
      </datafield>
      <datafield tag="240" ind1=" " ind2=" ">
        <subfield code="a">Libera me Domine de morte aeterna</subfield>
        <subfield code="m">V (X)</subfield>
      </datafield>
      <datafield tag="245" ind1=" " ind2=" ">
        <subfield code="a">[without title]</subfield>
      </datafield>
      <datafield tag="300" ind1=" " ind2=" ">
        <subfield code="a">Choirbook, fol. 23</subfield>
        <subfield code="8">01</subfield>
      </datafield>
      <datafield tag="500" ind1=" " ind2=" ">
        <subfield code="a"/>
        <subfield code="a">Textnachweis: CAO 7091/92, AMi, S. 591, GR, S. 89*</subfield>
        <subfield code="a">Komponist im Index: F. de Layolle</subfield>
        <subfield code="a">1532/8</subfield>
        <subfield code="a">Moderne</subfield>
        <subfield code="a">23v-24r</subfield>
        <subfield code="a">F. de Layolle</subfield>
        <subfield code="a">Layolle, Francesco de</subfield>
        <subfield code="a">Libera me domine de morte eterna</subfield>
        <subfield code="a">1540/1</subfield>
        <subfield code="a">Moderne</subfield>
        <subfield code="a">Layolle, Francesco de</subfield>
        <subfield code="a">Libera me domine de morte eterna</subfield>
        <subfield code="a">F. de Layolle</subfield>
      </datafield>
      <datafield tag="691" ind1=" " ind2=" ">
        <subfield code="a">CMM 32</subfield>
        <subfield code="n">vol. 5,  p. 60-62.</subfield>
        <subfield code="0"> p. 60-62.</subfield>
      </datafield>
      <datafield tag="730" ind1=" " ind2=" ">
        <subfield code="a">Libera me Domine de morte aeterna</subfield>
      </datafield>
      <datafield tag="730" ind1=" " ind2=" ">
        <subfield code="a">Motette</subfield>
      </datafield>
      <datafield tag="773" ind1=" " ind2=" ">
        <subfield code="w">85700038</subfield>
      </datafield>
      <datafield tag="852" ind1=" " ind2=" ">
        <subfield code="a">V-CVbav</subfield>
        <subfield code="c">CS 210</subfield>
        <subfield code="z">Fondo Cappella Sistina</subfield>
      </datafield>
      <datafield tag="593" ind1=" " ind2=" ">
        <subfield code="a">Print</subfield>
        <subfield code="8">01</subfield>
      </datafield>
    </record>