
  <content>
    <record>
      <leader>00000ncd a2200000 u 4500</leader>
      <controlfield tag="001">85701579</controlfield>
      <datafield tag="031" ind1=" " ind2=" ">
        <subfield code="a">1</subfield>
        <subfield code="b">1</subfield>
        <subfield code="c">1</subfield>
        <subfield code="d">Missa. Spem in alium</subfield>
        <subfield code="t">Kyrie</subfield>
        <subfield code="m">V 4</subfield>
        <subfield code="q">composed by Palestrina, Giovanni Pierluigi da</subfield>
      </datafield>
      <datafield tag="031" ind1=" " ind2=" ">
        <subfield code="a">1</subfield>
        <subfield code="b">2</subfield>
        <subfield code="c">1</subfield>
        <subfield code="d">Missa. Spem in alium</subfield>
        <subfield code="t">[Gloria] Et in terra</subfield>
        <subfield code="m">V 4</subfield>
        <subfield code="q">composed by Palestrina, Giovanni Pierluigi da</subfield>
      </datafield>
      <datafield tag="031" ind1=" " ind2=" ">
        <subfield code="a">1</subfield>
        <subfield code="b">3</subfield>
        <subfield code="c">1</subfield>
        <subfield code="d">Missa. Spem in alium</subfield>
        <subfield code="t">[Credo] Patrem</subfield>
        <subfield code="m">V 4</subfield>
        <subfield code="q">composed by Palestrina, Giovanni Pierluigi da</subfield>
      </datafield>
      <datafield tag="031" ind1=" " ind2=" ">
        <subfield code="a">1</subfield>
        <subfield code="b">4</subfield>
        <subfield code="c">1</subfield>
        <subfield code="d">Missa. Spem in alium</subfield>
        <subfield code="t">Sanctus</subfield>
        <subfield code="m">V 4</subfield>
        <subfield code="q">composed by Palestrina, Giovanni Pierluigi da</subfield>
      </datafield>
      <datafield tag="031" ind1=" " ind2=" ">
        <subfield code="a">1</subfield>
        <subfield code="b">5</subfield>
        <subfield code="c">1</subfield>
        <subfield code="d">Missa. Spem in alium</subfield>
        <subfield code="t">Agnus Dei</subfield>
        <subfield code="m">V 4</subfield>
        <subfield code="q">composed by Palestrina, Giovanni Pierluigi da</subfield>
      </datafield>
      <datafield tag="100" ind1=" " ind2=" ">
        <subfield code="a">Palestrina, Giovanni Pierluigi da</subfield>
      </datafield>
      <datafield tag="240" ind1=" " ind2=" ">
        <subfield code="a">Missa Spem in alium</subfield>
        <subfield code="m">V (4)</subfield>
      </datafield>
      <datafield tag="245" ind1=" " ind2=" ">
        <subfield code="a">[without title]</subfield>
      </datafield>
      <datafield tag="300" ind1=" " ind2=" ">
        <subfield code="a">Choirbook, fol. 1v</subfield>
        <subfield code="8">01</subfield>
      </datafield>
      <datafield tag="500" ind1=" " ind2=" ">
        <subfield code="a"/>
        <subfield code="a">Textnachweis: Ordinarium missae</subfield>
        <subfield code="a">Palestrina, Giovanni Pierluigi da</subfield>
        <subfield code="a">Missa Spem in alium</subfield>
      </datafield>
      <datafield tag="691" ind1=" " ind2=" ">
        <subfield code="a">Palestrina GA</subfield>
        <subfield code="n">vol. 12,  p. 3-25</subfield>
        <subfield code="0"> p. 3-25</subfield>
      </datafield>
      <datafield tag="691" ind1=" " ind2=" ">
        <subfield code="a">Palestrina OC</subfield>
        <subfield code="n">vol. 6,  p. 1-29.</subfield>
        <subfield code="0"> p. 1-29.</subfield>
      </datafield>
      <datafield tag="730" ind1=" " ind2=" ">
        <subfield code="a">Missa Spem in alium</subfield>
      </datafield>
      <datafield tag="730" ind1=" " ind2=" ">
        <subfield code="a">Messe</subfield>
      </datafield>
      <datafield tag="773" ind1=" " ind2=" ">
        <subfield code="w">85700039</subfield>
      </datafield>
      <datafield tag="852" ind1=" " ind2=" ">
        <subfield code="a">V-CVbav</subfield>
        <subfield code="c">CS 211</subfield>
        <subfield code="z">Fondo Cappella Sistina</subfield>
      </datafield>
      <datafield tag="593" ind1=" " ind2=" ">
        <subfield code="a">Print</subfield>
        <subfield code="8">01</subfield>
      </datafield>
      <datafield tag="594" ind1=" " ind2=" ">
        <subfield code="b">V</subfield>
        <subfield code="c">4</subfield>
      </datafield>
    </record>