
    <record>
      <leader>00000ncd a2200000 u 4500</leader>
      <controlfield tag="001">85701596</controlfield>
      <datafield tag="031" ind1=" " ind2=" ">
        <subfield code="a">1</subfield>
        <subfield code="b">1</subfield>
        <subfield code="c">1</subfield>
        <subfield code="d">Alma Redemptoris Mater</subfield>
        <subfield code="m">V 5</subfield>
        <subfield code="q">composed by Victoria, Tomás Luis de</subfield>
      </datafield>
      <datafield tag="031" ind1=" " ind2=" ">
        <subfield code="a">1</subfield>
        <subfield code="b">2</subfield>
        <subfield code="c">1</subfield>
        <subfield code="d">Alma Redemptoris Mater</subfield>
        <subfield code="m">V 5</subfield>
        <subfield code="q">composed by Victoria, Tomás Luis de</subfield>
      </datafield>
      <datafield tag="100" ind1=" " ind2=" ">
        <subfield code="a">Victoria, Tomás Luis de</subfield>
      </datafield>
      <datafield tag="240" ind1=" " ind2=" ">
        <subfield code="a">Alma Redemptoris Mater</subfield>
        <subfield code="m">V (5)</subfield>
      </datafield>
      <datafield tag="245" ind1=" " ind2=" ">
        <subfield code="a">[without title]</subfield>
      </datafield>
      <datafield tag="300" ind1=" " ind2=" ">
        <subfield code="a">Choirbook, fol. 99</subfield>
        <subfield code="8">01</subfield>
      </datafield>
      <datafield tag="500" ind1=" " ind2=" ">
        <subfield code="a"/>
        <subfield code="a">Textnachweis: RH 861, CAO 1356, AR, p. 65, 69, LU, p. 277</subfield>
        <subfield code="a">In honorem BMV</subfield>
        <subfield code="a">V 1421 (1572)</subfield>
        <subfield code="a">Gardano (Söhne)</subfield>
        <subfield code="a">n. 19</subfield>
        <subfield code="a">Victoria, Tomás Luis de</subfield>
        <subfield code="a">Alma redemptoris mater</subfield>
        <subfield code="a">V 1422 (1583)</subfield>
        <subfield code="a">Gardano, Alessandro</subfield>
        <subfield code="a">n. 22</subfield>
        <subfield code="a">Victoria, Tomás Luis de</subfield>
        <subfield code="a">Alma redemptoris mater</subfield>
        <subfield code="a">V 1423 (1589)</subfield>
        <subfield code="a">Francesco und Erben Tini</subfield>
        <subfield code="a">n. 22</subfield>
        <subfield code="a">Victoria, Tomás Luis de</subfield>
        <subfield code="a">Alma redemptoris mater</subfield>
        <subfield code="a">V 1424 (1589)</subfield>
        <subfield code="a">Mayer</subfield>
        <subfield code="a">n. 22</subfield>
        <subfield code="a">Victoria, Tomás Luis de</subfield>
        <subfield code="a">Alma redemptoris mater</subfield>
        <subfield code="a">V 1425 (1609)</subfield>
        <subfield code="a">Gardano, Angelo</subfield>
        <subfield code="a">n. 22</subfield>
        <subfield code="a">Victoria, Tomás Luis de</subfield>
        <subfield code="a">Alma redemptoris mater</subfield>
        <subfield code="a">V 1427 (1576)</subfield>
        <subfield code="a">Gardano, Angelo</subfield>
        <subfield code="a">n. 13</subfield>
        <subfield code="a">Victoria, Tomás Luis de</subfield>
        <subfield code="a">Alma redemptoris mater</subfield>
        <subfield code="a">V 1430 (1581)</subfield>
        <subfield code="a">Zanetti (gedruckt bei Dominico Basa)</subfield>
        <subfield code="a">n. 17</subfield>
        <subfield code="a">Victoria, Tomás Luis de</subfield>
        <subfield code="a">Alma redemptoris mater</subfield>
      </datafield>
      <datafield tag="657" ind1=" " ind2=" ">
        <subfield code="a">In honorem BMV</subfield>
      </datafield>
      <datafield tag="691" ind1=" " ind2=" ">
        <subfield code="a">Victoria OO</subfield>
        <subfield code="n">vol. 7,  p. 68-72,  p.</subfield>
        <subfield code="0"> p. 68-72</subfield>
      </datafield>
      <datafield tag="691" ind1=" " ind2=" ">
        <subfield code="a">Victoria MME</subfield>
        <subfield code="n">vol. 26,  p. 65-72.</subfield>
        <subfield code="0"> p. 65-72.</subfield>
      </datafield>
      <datafield tag="730" ind1=" " ind2=" ">
        <subfield code="a">Alma Redemptoris Mater</subfield>
      </datafield>
      <datafield tag="730" ind1=" " ind2=" ">
        <subfield code="a">Motette</subfield>
      </datafield>
      <datafield tag="773" ind1=" " ind2=" ">
        <subfield code="w">85700040</subfield>
      </datafield>
      <datafield tag="852" ind1=" " ind2=" ">
        <subfield code="a">V-CVbav</subfield>
        <subfield code="c">CS 212</subfield>
        <subfield code="z">Fondo Cappella Sistina</subfield>
      </datafield>
      <datafield tag="593" ind1=" " ind2=" ">
        <subfield code="a">Print</subfield>
        <subfield code="8">01</subfield>
      </datafield>
      <datafield tag="594" ind1=" " ind2=" ">
        <subfield code="b">V</subfield>
        <subfield code="c">5</subfield>
      </datafield>
    </record>