
    <record>
      <leader>00000ncd a2200000 u 4500</leader>
      <controlfield tag="001">85701636</controlfield>
      <datafield tag="100" ind1=" " ind2=" ">
        <subfield code="a">Vitali, Filippo</subfield>
      </datafield>
      <datafield tag="240" ind1=" " ind2=" ">
        <subfield code="a">Pange lingua gloriosi</subfield>
        <subfield code="m">V (X)</subfield>
      </datafield>
      <datafield tag="245" ind1=" " ind2=" ">
        <subfield code="a">[without title]</subfield>
      </datafield>
      <datafield tag="300" ind1=" " ind2=" ">
        <subfield code="a">Choirbook, fol. 94</subfield>
        <subfield code="8">01</subfield>
      </datafield>
      <datafield tag="500" ind1=" " ind2=" ">
        <subfield code="a"/>
        <subfield code="a">Textnachweis: AH 50,586, RH 14481, CAO 8367, AR, p. 527, GR, p. 187, 122*, AMo, p. 547,  LU, p. 950</subfield>
        <subfield code="a">In festo corporis Christi. Ad vesperas vel ad processionem / Feria VI in Parasceve</subfield>
        <subfield code="a">Vitali, Filippo</subfield>
        <subfield code="a">Pange lingua gloriosi</subfield>
      </datafield>
      <datafield tag="657" ind1=" " ind2=" ">
        <subfield code="a">In festo corporis Christi. Ad vesperas vel ad processionem / Feria VI in Parasceve</subfield>
      </datafield>
      <datafield tag="730" ind1=" " ind2=" ">
        <subfield code="a">Pange lingua gloriosi</subfield>
      </datafield>
      <datafield tag="730" ind1=" " ind2=" ">
        <subfield code="a">Hymnus</subfield>
      </datafield>
      <datafield tag="773" ind1=" " ind2=" ">
        <subfield code="w">85700043</subfield>
      </datafield>
      <datafield tag="852" ind1=" " ind2=" ">
        <subfield code="a">V-CVbav</subfield>
        <subfield code="c">CS 346</subfield>
        <subfield code="z">Fondo Cappella Sistina</subfield>
      </datafield>
      <datafield tag="593" ind1=" " ind2=" ">
        <subfield code="a">Print</subfield>
        <subfield code="8">01</subfield>
      </datafield>
    </record>