
    <record>
      <leader>00000ncd a2200000 u 4500</leader>
      <controlfield tag="001">85701641</controlfield>
      <datafield tag="100" ind1=" " ind2=" ">
        <subfield code="a">Vitali, Filippo</subfield>
      </datafield>
      <datafield tag="240" ind1=" " ind2=" ">
        <subfield code="a">Ut queant laxis</subfield>
        <subfield code="m">V (X)</subfield>
      </datafield>
      <datafield tag="245" ind1=" " ind2=" ">
        <subfield code="a">[without title]</subfield>
      </datafield>
      <datafield tag="300" ind1=" " ind2=" ">
        <subfield code="a">Choirbook, fol. 128</subfield>
        <subfield code="8">01</subfield>
      </datafield>
      <datafield tag="500" ind1=" " ind2=" ">
        <subfield code="a"/>
        <subfield code="a">Textnachweis: AH 50,120, V. 1, 2, 4. RH 21039, CAO 8406, AR, p. 733, AMo, p. 992-992, LU, p. 1504</subfield>
        <subfield code="a">In Nativitate S. Johannis Baptistae. In II. Vesperis. Hymnus</subfield>
        <subfield code="a">Vitali, Filippo</subfield>
        <subfield code="a">Ut queant laxis</subfield>
      </datafield>
      <datafield tag="657" ind1=" " ind2=" ">
        <subfield code="a">In Nativitate S. Johannis Baptistae. In II. Vesperis. Hymnus</subfield>
      </datafield>
      <datafield tag="730" ind1=" " ind2=" ">
        <subfield code="a">Ut queant laxis</subfield>
      </datafield>
      <datafield tag="730" ind1=" " ind2=" ">
        <subfield code="a">Hymnus</subfield>
      </datafield>
      <datafield tag="773" ind1=" " ind2=" ">
        <subfield code="w">85700043</subfield>
      </datafield>
      <datafield tag="852" ind1=" " ind2=" ">
        <subfield code="a">V-CVbav</subfield>
        <subfield code="c">CS 346</subfield>
        <subfield code="z">Fondo Cappella Sistina</subfield>
      </datafield>
      <datafield tag="593" ind1=" " ind2=" ">
        <subfield code="a">Print</subfield>
        <subfield code="8">01</subfield>
      </datafield>
    </record>