
    <record>
      <leader>00000ncd a2200000 u 4500</leader>
      <controlfield tag="001">85701646</controlfield>
      <datafield tag="100" ind1=" " ind2=" ">
        <subfield code="a">Vitali, Filippo</subfield>
      </datafield>
      <datafield tag="240" ind1=" " ind2=" ">
        <subfield code="a">Ave maris stella</subfield>
        <subfield code="m">V (X)</subfield>
      </datafield>
      <datafield tag="245" ind1=" " ind2=" ">
        <subfield code="a">[without title]</subfield>
      </datafield>
      <datafield tag="300" ind1=" " ind2=" ">
        <subfield code="a">Choirbook, fol. 156</subfield>
        <subfield code="8">01</subfield>
      </datafield>
      <datafield tag="500" ind1=" " ind2=" ">
        <subfield code="a"/>
        <subfield code="a">Textnachweis: AH 51,140, RH 1889, CAO 8272, AR, p. [117], AMo, p. 704-705</subfield>
        <subfield code="a">In Annuntiatione BMV ad</subfield>
        <subfield code="a">Vitali, Filippo</subfield>
        <subfield code="a">Ave maris stella</subfield>
      </datafield>
      <datafield tag="657" ind1=" " ind2=" ">
        <subfield code="a">In Annuntiatione BMV ad</subfield>
      </datafield>
      <datafield tag="730" ind1=" " ind2=" ">
        <subfield code="a">Ave maris stella</subfield>
      </datafield>
      <datafield tag="730" ind1=" " ind2=" ">
        <subfield code="a">Hymnus</subfield>
      </datafield>
      <datafield tag="773" ind1=" " ind2=" ">
        <subfield code="w">85700043</subfield>
      </datafield>
      <datafield tag="852" ind1=" " ind2=" ">
        <subfield code="a">V-CVbav</subfield>
        <subfield code="c">CS 346</subfield>
        <subfield code="z">Fondo Cappella Sistina</subfield>
      </datafield>
      <datafield tag="593" ind1=" " ind2=" ">
        <subfield code="a">Print</subfield>
        <subfield code="8">01</subfield>
      </datafield>
    </record>